3580 5866
134 548 327 632 Deorum]
498 551 741 620 PRINCIPIA
764 549 1137 618 MATHEMATICA.
1440 561 1460 620 9

131 755 216 822 pora
228 734 404 815 defirrimr,
424 735 594 824 etdmdgo
603 757 664 822 pro
675 736 773 822 spatio
787 733 940 800 immobili
950 747 1133 822 rumpetur:
1156 735 1463 824 utidimensiospetii

132 842 343 921 sumamnei,
363 844 460 907 n'e‘rei
475 843 528 908 vel
544 843 674 908 ooelestis
687 841 816 906 definite
837 863 896 926 per
909 843 1003 906 situm
1026 863 1117 909 suum
1131 843 1172 908 sd
1187 843 1329 910 Terram.
1374 844 1464 910 Idem

133 961 208 1014 sumt
221 949 373 1032 mum
389 950 580 1015 absolutum
595 961 627 1015 et
640 939 812 1027 relativum,
828 949 976 1034 speciest
989 949 1204 1037 magnitudine
1212 973 1221 1029 ;
1244 951 1299 1016 sed
1312 973 1377 1016 non
1391 973 1464 1038 per.-

135 1068 268 1118 msnent
281 1055 380 1120 idem
399 1077 533 1142 semper
555 1055 695 1122 numero.
750 1055 880 1122 Nemsi
904 1057 1016 1136 Tereo,
1043 1056 1130 1122 verbi
1152 1057 1262 1144 grstia,
1284 1071 1463 1134 moveatur3

134 1162 273 1246 spatium
289 1163 398 1226 Aeris
411 1163 531 1241 nostri,
547 1162 633 1247 quod
646 1159 773 1226 relative
788 1173 819 1225 et
833 1174 974 1246 respectu
990 1163 1101 1228 Terrae
1116 1185 1237 1248 semper
1250 1177 1355 1228 munet
1368 1164 1462 1243 idem,

135 1289 223 1332 mme
242 1269 309 1332 erit
323 1291 399 1334 una
413 1291 493 1354 pars
507 1269 599 1353 spatii
624 1267 757 1334 absoluti
780 1267 813 1330 in
839 1289 933 1353 quam
960 1270 1026 1334 Aer
1051 1269 1171 1349 transit,
1195 1290 1279 1334 nunc
1303 1270 1365 1336 ulia
1388 1291 1463 1355 pars

136 1376 222 1460 eju„
257 1388 293 1440 et
320 1377 373 1440 sio
408 1372 552 1440 obsolute
566 1374 737 1438 mutabitur
750 1371 913 1458 perpetub.

181 1483 255 1547 111.
272 1483 394 1548 Imeus
403 1491 449 1546 eet
461 1501 538 1567 pers
551 1480 643 1565 spuit
657 1501 752 1568 quem
767 1501 881 1565 eorpus
901 1491 1042 1565 occupet,
1051 1497 1159 1571 estque
1169 1507 1228 1570 pro
1241 1487 1363 1554 ratione
1375 1491 1466 1574 spatii

137 1587 194 1652 vel
210 1588 400 1652 Absolutus
412 1589 463 1652 vel
489 1587 659 1652 Relatum
713 1587 802 1665 Pers,
826 1585 955 1672 inquom
977 1588 1085 1672 spetii3
1115 1610 1180 1652 non
1205 1590 1291 1656 Situs
1314 1591 1463 1673 corpon's,

141 1694 199 1757 vel
226 1695 424 1779 Superfieies
438 1693 590 1758 ambiens.
635 1693 719 1758 Nem
734 1691 903 1758 solidomm
926 1692 1094 1778 equalium
1108 1694 1242 1780 sequsles
1257 1717 1378 1779 semper
1393 1709 1466 1762 sunt

146 1799 230 1877 loei;
253 1801 454 1886 superficies
468 1811 574 1866 sutem
587 1799 630 1863 ob
649 1798 932 1864 dissimilitudinem
947 1799 1119 1886 figurarum
1138 1813 1174 1865 ut
1192 1799 1362 1887 pluuimdm
1385 1804 1464 1868 inae-
1488 1851 1489 1856 η

146 1907 255 1992 quales
270 1919 372 1984 sunt3
397 1908 482 1974 Situs
496 1925 572 1971 vero
585 1903 712 1990 proprie
726 1905 884 1992 loquendo
901 1907 1104 1991 quantitatem
1119 1927 1187 1972 non
1211 1907 1338 1985 babent,
1363 1930 1465 1996 nsque

146 2027 212 2079 tum
226 2025 309 2080 smrt
321 2015 399 2078 locs
412 2033 509 2100 qoem
524 2011 859 2078 effectionesloeorum.
904 2012 1013 2078 Motus
1028 2015 1121 2078 totius
1136 2013 1220 2079 idem
1234 2025 1281 2080 est
1294 2035 1366 2082 eum
1380 2037 1465 2080 sum-

146 2143 202 2185 me
215 2135 373 2186 motuum
385 2119 535 2206 parsum,
557 2119 619 2183 hoo
633 2129 689 2197 est,
704 2119 864 2184 trsrulstio
878 2119 975 2184 totius
989 2119 1030 2186 de
1044 2141 1101 2188 suo
1126 2121 1196 2190 loco
1211 2121 1319 2188 eadem
1334 2135 1380 2188 est
1394 2145 1465 2190 oum

149 2251 279 2294 summu
295 2226 538 2293 translationum
552 2225 689 2310 partium
711 2224 751 2290 de
765 2225 841 2290 loeis
865 2225 945 2302 suis;
967 2225 1100 2312 ideoque
1114 2227 1200 2292 loeus
1214 2229 1307 2294 totius
1322 2229 1406 2294 idem
1421 2242 1467 2294 est

150 2357 227 2400 cum
242 2357 375 2400 summo
385 2334 528 2398 looorum
542 2333 690 2417 portium,
704 2343 736 2396 et
750 2344 916 2418 propterea
929 2333 1069 2398 internus
1083 2348 1115 2398 et
1129 2335 1162 2400 in
1177 2357 1309 2419 corpore
1324 2347 1399 2402 toto.

201 2443 271 2510 w.
286 2441 400 2508 Motus
414 2441 582 2506 Absolutus
596 2451 642 2504 est
664 2441 824 2506 tremlstio
839 2427 989 2524 corporis
1000 2441 1040 2506 de
1054 2441 1124 2505 loeo
1139 2442 1281 2508 obsolute
1304 2443 1337 2506 in
1363 2442 1467 2508 locum

157 2547 362 2627 obsolumm,
386 2547 542 2612 Reletivus
556 2547 597 2612 de
611 2546 739 2612 relativo
753 2546 787 2610 in
801 2546 975 2612 relativum.
1021 2545 1121 2612 sicin
1132 2547 1289 2634 noviquae
1303 2547 1379 2613 velis
1396 2569 1467 2632 pss-

158 2653 205 2717 sis
219 2655 333 2732 fertur,
349 2653 489 2718 motivas
504 2653 647 2738 corporis
662 2653 767 2718 Locum
781 2652 828 2716 est
841 2653 957 2735 navigii
979 2653 1068 2740 regio
1082 2653 1136 2718 ille
1149 2655 1183 2718 in
1197 2653 1257 2741 qui
1273 2675 1385 2739 corpus
1399 2677 1469 2720 ver·

163 2769 266 2834 estur,
283 2781 339 2822 sen
354 2761 494 2826 eevitatis
510 2761 605 2825 totius
619 2761 762 2844 persilio
775 2779 870 2846 quum
886 2781 999 2852 eorpus
1013 2760 1130 2844 implet,
1156 2783 1288 2848 qumque
1307 2761 1386 2828 adso
1400 2783 1469 2827 mo-
1516 2848 1518 2851 ι

159 2883 255 2937 vetur
269 2871 334 2938 und
356 2895 428 2938 cum
442 2873 535 2938 nevi:
567 2887 598 2938 et
612 2875 711 2950 Quies
725 2875 853 2939 relativa
875 2885 921 2938 est
941 2872 1121 2953 permansio
1144 2869 1285 2953 corporis
1303 2871 1335 2936 in
1361 2869 1469 2938 eidem

160 2977 217 3042 ills
232 2981 324 3046 nevis
338 2981 468 3069 regione
481 2981 531 3045 vel
545 2967 634 3066 purte
648 2981 795 3046 oevitetis.
840 2983 886 3045 At
900 2981 986 3066 quies
999 3001 1074 3044 vern
1089 2981 1318 3065 ostpermensio
1332 2982 1471 3064 eorporis

160 3083 199 3150 in
212 3085 327 3150 eidem
337 3085 430 3172 pmte
443 3088 534 3172 spatii
548 3087 629 3152 illius
644 3073 764 3152 immoti
778 3088 811 3152 iu
825 3085 887 3172 qud
901 3087 987 3154 navis
1001 3087 1069 3171 ipss
1090 3085 1154 3162 und
1168 3109 1239 3151 oum
1261 3087 1391 3150 cavitate
1415 3087 1471 3150 sui

164 3203 202 3256 et
216 3195 370 3258 sententis
397 3194 545 3258 universis
569 3207 721 3260 movetur.
781 3193 878 3259 Unde
903 3193 929 3258 si
952 3194 1056 3259 Terre
1077 3193 1149 3258 vere
1183 3194 1329 3280 quiescet,
1360 3215 1472 3277 corpus

165 3298 261 3386 qood
284 3297 412 3364 relative
434 3301 604 3386 quiescitin
628 3301 720 3391 navi,¹
736 3301 911 3368 movebitur
926 3300 998 3367 vere
1012 3314 1044 3367 et
1068 3301 1215 3367 obsolute·
1234 3303 1270 3367 ed
1291 3323 1364 3366 eum
1388 3302 1473 3366 velo·

164 3405 265 3470 citete
279 3405 342 3493 qud
364 3407 449 3472 nevis
470 3419 613 3474 movetur
630 3409 669 3494 ¹in
693 3407 804 3474 Terri-
850 3409 906 3474 Sin
930 3409 1032 3473 Terre
1046 3409 1140 3474 etism
1162 3420 1332 3488 moveetrm
1358 3409 1474 3473 orietur

162 3533 261 3577 verns
275 3525 307 3577 et
321 3513 479 3580 obsoletus
493 3515 633 3600 eorporis
648 3525 760 3593 motus,
789 3515 904 3600 partim
927 3537 968 3580 ex
983 3516 1094 3580 Terrae
1117 3526 1205 3580 motu
1219 3527 1295 3578 vero
1317 3516 1350 3578 in
1374 3517 1473 3600 spatio

162 3619 312 3698 immoto,
327 3622 442 3705 purtim
457 3622 598 3690 exnsvis
611 3633 699 3685 motu
714 3621 842 3685 relativo
865 3621 898 3684 in
913 3619 1032 3685 Tetri:
1064 3621 1135 3685 etsi
1158 3642 1270 3706 eorpus
1292 3623 1384 3686 etiam
1407 3645 1476 3690 mo-

164 3711 282 3792 veson
295 3721 421 3792 relntivd
435 3727 469 3792 in
484 3727 566 3807 nevi,
582 3729 699 3792 orietur
712 3751 803 3793 verus
812 3730 878 3813 ejus
893 3740 1005 3806 motus,
1020 3729 1135 3814 partim
1149 3751 1189 3794 ex
1204 3751 1278 3794 vero
1292 3741 1380 3794 motu
1395 3731 1476 3796 Ter-

164 3855 220 3896 rae
233 3833 267 3895 in
282 3835 380 3918 spatio
394 3835 536 3915 immoto,
551 3837 667 3920 purtim
681 3857 723 3900 ex
736 3835 871 3900 relativis
884 3837 1020 3900 motibus
1034 3849 1102 3900 mm
1115 3837 1202 3902 novis
1216 3838 1249 3901 in
1274 3830 1385 3918 Terrt;
1410 3851 1476 3902 tum

165 3941 314 4025 eorporis
338 3941 373 4006 in
397 3942 489 4020 nsvi3
511 3955 543 4008 et
567 3965 610 4010 ex
623 3943 672 4008 his
693 3944 828 4008 motibus
853 3943 988 4008 relativis
1009 3945 1127 4010 orietur
1148 3947 1289 4032 eorporis
1302 3960 1405 4010 motus
1427 3967 1475 4011 re-

171 4051 288 4118 lativus
313 4051 347 4116 in
371 4048 484 4116 Terre.
555 4037 601 4116 Ut
630 4051 656 4114 si
692 4051 803 4116 Terroe
831 4071 904 4136 pars
935 4051 999 4129 ills,
1025 4051 1079 4115 ubi
1099 4051 1186 4117 nevis
1221 4064 1369 4131 versatur,
1406 4073 1474 4116 mo·

172 4167 284 4218 vestm
309 4153 383 4220 vere
408 4156 444 4220 in
468 4156 621 4222 orientem
649 4179 721 4222 eum
743 4157 905 4224 velocitate
929 4158 1065 4244 portium
1095 4168 1217 4236 10010;
1250 4171 1282 4222 et
1302 4157 1377 4222 velis
1401 4177 1478 4221 ven-

173 4271 272 4346 toque
307 4261 427 4326 feretur
462 4262 550 4328 navis
585 4264 618 4328 in
653 4263 846 4329 occidentem
882 4287 953 4330 cum
988 4265 1151 4330 velocitate
1178 4264 1314 4350 portium
1350 4263 1477 4342 decem3

176 4367 288 4433 Nouts
313 4381 420 4434 eutem
445 4370 584 4434 ambulet
611 4371 644 4436 in
667 4363 740 4436 nevi
763 4373 914 4436 orientem
946 4393 1055 4438 versus
1089 4393 1162 4436 cum
1197 4369 1366 4432 velocitatis
1390 4381 1480 4457 purte

175 4475 257 4540 unzi:
292 4476 473 4539 movebitur
498 4477 605 4542 Nauta
629 4475 701 4542 vere
738 4491 769 4541 et
792 4478 931 4544 absolute
956 4480 990 4542 in
1016 4479 1115 4564 spatio
1146 4476 1276 4540 immoto
1305 4499 1376 4541 cum
1395 4478 1480 4542 velo·

174 4581 270 4645 citatis
282 4581 432 4670 partibus
451 4591 552 4648 10001
582 4583 615 4646 in
641 4585 801 4664 orientem,
829 4596 861 4649 et
875 4583 1002 4650 relative
1028 4585 1061 4648 in
1085 4580 1166 4658 terrui
1193 4581 1388 4648 occidentem
1410 4607 1479 4650 ver·

176 4709 224 4751 sus
236 4711 309 4754 sum
325 4687 501 4752 velocitatis
515 4689 654 4773 pertibus
668 4713 789 4757 novem.
1008 4673 1012 4678 Ι
1444 4704 1446 4710 ’

172 4870 269 4920 fluum.
307 4876 468 4934 Quspropter
480 4871 501 4918 si
512 4887 596 4933 eorpus
606 4873 700 4936 eliquod
711 4873 819 4938 etprnbssi
851 4875 914 4936 poris
923 4885 1040 4935 punctum
1051 4872 1141 4930 flueret,
1155 4873 1276 4935 spatiumne
1286 4873 1316 4922 ab
1327 4889 1356 4921 eo
1372 4873 1487 4936 descripte

169 4937 286 4988 aetem
296 4944 449 4993 moveretur,
467 4935 528 4984 illud
538 4937 623 4986 eodmt
632 4938 704 4986 modo
720 4955 748 4988 se
759 4950 818 4987 tem·
850 4940 930 4986 forent
946 4938 1091 4999 temporibus
1101 4938 1283 5000 proportionalis
1299 4939 1353 5001 (5);
1376 4954 1404 4986 eo
1414 4939 1488 5006 igitur
