3580 5866
691 505 951 578 PRAEFATIO.
1373 511 1460 583 xxvii

179 671 318 736 Extsbit
333 673 453 762 igitur
469 677 625 743 eximium
640 678 785 746 Newtoni
800 681 891 769 Ope
903 683 1053 755 &erm
1064 685 1229 752 ausorum
1243 688 1376 774 impetus
1390 713 1459 757 nu·

134 782 331 848 niriaeimrm
344 786 567 870 presidium:
582 811 685 876 neque
692 791 775 856 enim
783 793 928 860 timendi
937 793 1067 874 seteis,
1077 793 1171 882 quim
1182 817 1222 862 ex
1233 798 1293 864 hcc
1301 800 1458 886 pharetra,

135 903 249 956 contre
261 892 410 978 impium
429 909 595 962 catervam
610 899 671 964 teia
684 899 923 990 deprunpseris.
958 904 1035 969 Hoc
1045 907 1140 970 sensit
1147 907 1279 992 pridem,
1290 922 1322 975 et
1330 911 1460 997 inpere-

135 997 249 1064 ruditic
272 1000 509 1066 concionibus
532 1003 665 1090 Angbei
678 1005 854 1088 Latineque
869 1007 969 1088 editis,
991 1010 1111 1094 primus
1129 1014 1254 1100 egregie
1269 1015 1461 1082 demensus·

135 1113 180 1176 rit
192 1113 244 1175 vir
257 1112 295 1174 in
310 1114 414 1178 omni
430 1113 599 1181 lituum
611 1131 728 1200 genere
745 1109 916 1196 praedums
933 1110 1081 1200 idemque
1093 1114 1248 1196 bonerum
1262 1118 1376 1183 artium
1390 1121 1459 1190 seu.

134 1235 185 1285 tor
198 1223 345 1288 eximius
364 1222 560 1290 menaeus
576 1217 747 1297 Bentleius,
763 1220 859 1284 seculi
874 1221 923 1284 sui
937 1232 969 1286 et
984 1221 1164 1287 Academioe
1179 1237 1297 1290 nostrie
1306 1247 1456 1313 magnum

134 1343 384 1410 omentum,
402 1329 551 1419 collegii
561 1329 660 1394 nostri
677 1329 709 1393 S.
725 1327 889 1392 Trinitatis
902 1329 1051 1416 magister
1061 1330 1260 1418 dignissimtu
1275 1345 1306 1398 et
1319 1334 1456 1422 integer-

132 1439 243 1503 rimus.
293 1440 399 1506 Huic
415 1461 482 1528 ego
496 1437 703 1522 me'pluribus
718 1437 895 1501 nominibus
910 1437 1093 1502 obstrictum
1106 1438 1196 1504 feteri
1207 1440 1324 1506 debeo:
1339 1442 1413 1507 huic
1423 1456 1455 1509 et

133 1557 207 1610 tuas
223 1567 306 1633 quse
320 1545 491 1612 debentur
504 1546 630 1634 gratius,
646 1543 744 1608 lector
757 1543 919 1622 benevole,
932 1565 997 1610 non
1012 1543 1191 1634 denegabis.
1228 1549 1260 1612 Is
1272 1549 1364 1626 enim,
1381 1571 1453 1615 cunr

134 1675 157 1715 a
170 1652 279 1741 longo
291 1667 451 1740 tempore
466 1653 659 1719 celeberrimi
673 1651 810 1716 auctoris
819 1650 954 1716 amicitie
968 1652 1077 1718 intimi
1092 1653 1256 1734 frueretur,
1273 1661 1349 1743 (que
1358 1659 1453 1723 etiem

137 1763 229 1848 apud
242 1778 406 1849 posteros
420 1765 542 1830 censeri
555 1785 620 1827 non
633 1761 763 1825 minoris
778 1761 921 1838 estimet,
937 1760 1031 1848 quim
1041 1765 1176 1848 propriis
1191 1766 1314 1850 scriptis
1328 1787 1400 1852 quoe
1413 1768 1451 1834 li-

138 1883 242 1935 terato
256 1873 333 1937 orbi
348 1874 392 1936 in
408 1872 528 1938 deliciis
543 1881 616 1936 sunt
630 1869 844 1950 inclarescere)
867 1869 959 1933 enrici
979 1871 1072 1934 simul
1093 1871 1185 1937 fnrnoe
1205 1887 1237 1938 et
1253 1875 1451 1942 scientiarum

137 1981 342 2047 incremento
359 1981 537 2046 consuluit
551 2001 552 2004 ’
592 1979 703 2066 Itaque
717 2000 789 2042 cum
803 1977 993 2066 exemplans
1006 1979 1120 2066 prioris
1135 1981 1279 2048 editionis
1294 1986 1450 2052 rarissimu

138 2089 322 2156 admodum
337 2105 376 2157 et
393 2092 522 2155 immuni
536 2091 638 2175 pretio
654 2087 825 2152 coemenda
846 2100 1057 2172 superessent3
1079 2091 1175 2154 suasit
1194 2091 1247 2156 ille
1267 2093 1384 2158 crebris
1404 2093 1449 2158 ef-

139 2198 414 2285 flngimtiombus,
438 2211 471 2263 et
491 2209 613 2263 tentum
634 2217 699 2259 non
720 2193 915 2282 objurgando
935 2173 1072 2281 pergulit
1094 2195 1228 2282 denique
1243 2199 1344 2263 virum
1365 2221 1447 2284 prte-

141 2311 396 2386 staminiarum,
412 2329 472 2372 nec
485 2305 636 2371 modestii
653 2303 757 2370 mimis
779 2303 873 2390 quim
888 2303 1062 2370 eruditione
1084 2305 1204 2371 summi
1227 2308 1389 2396 insignem,
1412 2321 1449 2374 ut

142 2435 266 2482 uorem
278 2419 374 2482 hnnc
388 2417 490 2501 operis
505 2413 682 2494 editionem,
697 2436 755 2500 per
769 2415 875 2478 oinnie
889 2413 1045 2478 elimatam
1056 2413 1161 2479 denuo
1172 2429 1203 2482 et
1217 2419 1350 2503 egregiis
1360 2419 1446 2481 insu-
1581 2471 1585 2480 .

144 2545 209 2609 per
224 2523 463 2589 accessiombus
477 2523 615 2600 ditatam,
641 2523 704 2588 suis
727 2519 901 2605 sumptibus
919 2529 950 2583 et
969 2519 1112 2603 auspiciis
1126 2519 1254 2603 prodire
1268 2533 1443 2606 peteretur:

146 2631 231 2695 mihi
247 2631 339 2710 verb,
354 2653 415 2716 pro
423 2633 495 2717 jure
509 2653 577 2708 suo,
592 2651 724 2716 pensum
738 2651 804 2694 non
817 2629 975 2716 nigratum
989 2625 1198 2708 demandavit,
1215 2643 1249 2696 ut
1264 2653 1357 2718 quom
1371 2653 1445 2718 pos·

146 2752 194 2807 eet
209 2737 382 2807 emendate
396 2737 432 2802 id
445 2737 516 2803 fieri
530 2759 681 2803 curarem.

246 3050 416 3111 σιω,
428 3049 492 3099 ine
504 3052 541 3096 ιε.
557 3049 625 3096 rm

815 3326 1038 3396 ROGERUS
1065 3328 1224 3404 COTES,

575 3437 691 3516 Collegit
704 3437 734 3496 S.
754 3434 899 3494 Trinitatis
915 3436 1020 3505 Socios,
1033 3435 1208 3493 Astrorwmioe
1221 3443 1247 3492 et
1261 3436 1442 3516 Plrilonqurt'oe

733 3537 962 3618 Experimentalir
976 3533 1120 3614 Profiteor
1133 3535 1307 3595 Plumiunus.
