3554 5832
208 571 319 640 rma
336 573 499 654 Prinos]
566 571 805 640 rnrncmrn
828 571 1197 640 unrnnunrrcn.
1418 589 1475 648 scr

356 871 641 939 PROPOSITIO
662 869 829 938 LXXIII.
873 873 1144 942 THEOREMA
1167 877 1337 944 XXXIII.

202 1071 238 1137 ss·
250 1073 293 1135 ad
304 1071 428 1154 spltoerae
440 1067 565 1154 oliarp‘ru
578 1021 659 1134 doiae
665 1078 779 1152 porreta
793 1071 909 1154 singula
930 1074 1053 1136 tendant
1073 1077 1198 1158 equos
1218 1077 1294 1141 uires
1314 1079 1482 1162 oentrnretoe

245 1179 433 1242 decrescentes
447 1177 480 1239 in
494 1175 647 1258 duplicati
661 1175 777 1238 rationo
791 1179 999 1242 distantiarum
1014 1201 1035 1241 a
1043 1182 1182 1262 paretis.-
1197 1183 1262 1244 dieo
1275 1187 1353 1266 quod
1364 1205 1482 1266 corpus-

244 1287 336 1350 culum
350 1286 432 1348 intra
445 1285 590 1366 spiaerarn
604 1283 787 1346 comitum
800 1285 964 1348 attrahitur
976 1287 1008 1349 ui
1014 1290 1238 1370 proportionali
1257 1292 1409 1356 distantia
1421 1313 1482 1356 Μ

244 1395 283 1458 ab
296 1395 387 1476 ipsius
401 1401 507 1456 contro.

245 1566 284 1630 In
300 1563 421 1650 sphaerir
446 1565 518 1630 AC
541 1561 623 1640 BD,
651 1573 758 1627 centro
781 1563 805 1628 S
827 1563 882 1628 dc-

201 1671 326 1756 scriptir‚
338 1671 457 1734 locetur
467 1667 685 1752 corpusculum
700 1667 746 1745 P;
768 1679 799 1731 ct
810 1689 882 1732 cen-

199 1787 250 1842 uo
271 1775 382 1841 eodem
405 1776 437 1853 S,
464 1773 624 1838 intervallo
650 1772 726 1850 SP,
753 1774 881 1860 concipe

199 1881 354 1966 sphoersm
368 1879 548 1944 interiorem
563 1878 591 1942 P
606 1877 680 1956 EQ
696 1878 723 1942 F
737 1879 879 1944 describi.

200 1986 405 2052 Manifestum
434 1997 491 2064 est,
529 1989 599 2068 (per
629 1983 725 2068 Prop.
755 1983 879 2068 LXX.)

197 2093 282 2179 quod
296 2091 456 2177 sphaericae
471 2089 650 2175 superficies
664 2090 879 2170 concensus,

200 2220 240 2262 cx
251 2196 567 2285 quibussphoerarum
578 2195 750 2262 differentis
758 2195 880 2262 AEBF
913 2171 945 2235 Α
1010 2208 1029 2247 Θ

196 2304 405 2390 componitur,
423 2301 655 2368 attractionibus
670 2301 733 2366 suis
753 2323 811 2388 per
833 2315 879 2367 nte

194 2413 361 2488 tructiones
370 2410 774 2488 contrarissdestructimil
782 2424 879 2500 agunt

193 2523 227 2588 in
254 2541 368 2607 corpus
397 2521 437 2586 P.
504 2521 615 2584 Restat
642 2518 709 2584 sols
737 2517 879 2584 attractio
941 2497 953 2524 ⁶
1466 2561 1478 2580 .

194 2627 326 2712 sphaeroe
346 2624 503 2692 muricus
525 2623 699 2700 PEQF.
743 2624 785 2690 Et
808 2629 880 2711 (por
1010 2525 1360 2694 U

195 2735 291 2820 nup.
318 2733 482 2814 uxxn.)
512 2733 582 2798 naec
604 2743 709 2798 estut
733 2731 879 2798 russos
1148 2699 1185 2776 1)
1437 2715 1439 2723 ’

195 2841 272 2910 P&
318 2839 451 2918 Qud

754 3071 907 3138 Scholion.

196 3265 200 3272 ·
241 3249 437 3337 Superficies,
453 3269 493 3314 ex
508 3245 619 3334 quibus
634 3241 733 3308 solido
747 3253 986 3330 componuntur,
1001 3243 1053 3310 hic
1075 3265 1139 3310 non
1164 3255 1236 3310 srmt
1257 3220 1335 3331 puri
1358 3245 1477 3315 maths-

193 3362 326 3437 mstioe,
342 3358 397 3422 scd
411 3357 503 3421 orbes
519 3353 597 3419 adeo
612 3365 729 3429 tenues,
739 3364 894 3416 uteorum
908 3354 1078 3418 crassitudo
1092 3353 1190 3419 instar
1204 3353 1293 3418 nihili
1307 3355 1363 3432 sit3
1385 3357 1477 3420 nimi-

192 3491 263 3536 rum
279 3468 372 3532 orbes
387 3475 613 3538 evanescentes,
636 3481 678 3525 ex
693 3458 804 3545 quibus
823 3458 946 3542 sphaera
959 3459 1069 3524 ultimo
1083 3473 1212 3540 constat,
1235 3459 1290 3526 ubi
1304 3462 1426 3528 orbium
1440 3464 1476 3528 il·

191 3585 294 3650 lorum
316 3599 464 3644 numerus
486 3586 618 3664 augetur
639 3583 670 3636 et
695 3570 866 3636 crassitudo
890 3571 1039 3634 minuitur
1063 3571 1096 3636 in
1118 3571 1283 3636 infinitum.
1329 3572 1477 3640 Similiter

191 3713 248 3778 per
261 3699 388 3776 punctu,
411 3684 578 3770 exquibus
592 3681 693 3758 linens,
717 3679 895 3765 superficies
917 3692 949 3744 et
962 3679 1069 3757 solida,
1092 3681 1236 3766 componi
1251 3681 1406 3760 dicuntur,
1429 3683 1476 3746 iu·

190 3797 369 3888 telligendoe
385 3805 457 3860 sunt
471 3791 631 3878 porticuloe
644 3789 778 3876 aequslcs
792 3787 1012 3878 magnitudinis
1027 3789 1272 3857 contemnendos.

348 4073 633 4144 PROPOSITIO
655 4071 816 4140 LXXIV.
862 4070 1133 4140 THEOREMA
1155 4073 1321 4139 XXXIV.

189 4251 297 4316 Iisdem
307 4249 507 4332 positis‚·dico
521 4247 599 4330 quod
615 4245 811 4327 corpususlun
832 4253 918 4308 estro
939 4243 1085 4326 spioerarn
1103 4245 1288 4309 comitum
1308 4247 1472 4312 attrahitur

231 4359 264 4420 ui
276 4354 420 4438 reciproci
427 4353 652 4438 proportionali
665 4351 812 4434 quadrata
827 4351 979 4414 distantia
991 4371 1051 4415 Μ
1063 4351 1102 4414 ab
1115 4351 1208 4434 ipsius
1220 4361 1327 4416 centro.

232 4529 316 4595 Nom
331 4525 539 4614 distinguuntur
553 4523 676 4609 sphaers
694 4522 728 4586 in
750 4520 928 4607 superficies
950 4522 1117 4608 sphaericns
1138 4523 1315 4590 innumeras
1338 4549 1470 4592 concen-

188 4636 290 4714 tricus,
306 4647 338 4700 et
359 4629 753 4726 attractionescorpusculi
775 4653 794 4693 u
815 4629 944 4718 singulis
970 4631 1191 4716 superficiebus
1216 4633 1357 4698 oriundae
1379 4649 1470 4700 emnt

189 4743 345 4829 reciproci
360 4739 608 4828 proportionales
623 4737 775 4825 qusdrsto
789 4737 943 4802 distantiis
954 4739 1131 4823 corpusculi
1141 4764 1160 4804 a
1170 4755 1285 4824 centro,
1292 4747 1361 4826 (per
1373 4743 1469 4829 Prop.
