3580 5866
215 757 260 822 er.
287 745 445 823 aza-⁰⁴·
645 746 935 824 LECTORI

776 973 811 1048 S.

552 1196 1028 1282 TYPOGRAPHI.

742 1463 851 1485 m

1 1673 7 1685 ·
125 1637 315 1716 Nswuonu
332 1645 546 1710 illustrissimi
560 1665 639 1729 opus
660 1642 723 1707 hoc
737 1644 771 1707 in
784 1642 893 1729 primis
915 1639 1116 1729 laudandum,
1140 1640 1227 1726 cujus
1248 1641 1439 1726 exemplaria

127 1791 202 1842 sunt
215 1775 396 1852 rarissima,
414 1785 449 1838 et
462 1773 607 1858 impenso
620 1770 723 1857 pretio
737 1781 899 1855 parentur,
921 1789 1008 1834 nuno
1026 1755 1126 1832 formal
1147 1767 1360 1832 commodiore
1382 1769 1440 1834 tibi
1551 1821 1554 1826 .

129 1907 164 1969 in
174 1925 308 1968 manum
317 1901 489 1966 tradimus.
532 1897 620 1974 Quid
631 1898 664 1962 in
674 1897 734 1962 bac
744 1897 880 1962 editione
894 1895 1151 1982 exspectandum,
1170 1894 1278 1980 paucis
1293 1905 1324 1960 te
1337 1896 1438 1960 moni·

135 2051 206 2103 tum
219 2037 367 2101 velimus.

176 2163 1008 2247 EratnobisinanimoillamLusmnetJncoomn,
1016 2161 1437 2242 societatislesuSoeiomm,

140 2316 216 2358 eum
230 2317 342 2358 eorum
357 2292 584 2359 commentario
598 2303 761 2378 perpetuo,
778 2291 812 2356 in
826 2291 970 2355 omnibus
981 2291 1134 2376 integram
1145 2288 1248 2366 edere,
1262 2287 1323 2353 nisi
1332 2311 1440 2356 revera

137 2425 203 2504 ¹ubi
221 2425 349 2489 macula
369 2424 473 2488 forsan
493 2421 546 2486 hic
568 2421 632 2486 illio
652 2419 760 2486 furtim
779 2419 961 2504 irrepsisset.
1007 2413 1172 2500 Quidquid
1185 2435 1282 2498 penes
1295 2435 1354 2480 nos
1371 2415 1438 2494 fuit,

144 2554 363 2639 prestitimus
391 2553 552 2619 Editiones
564 2535 704 2619 Genevae
714 2573 764 2616 an.
779 2549 927 2621 1739242
942 2559 975 2613 et
984 2547 1126 2614 Coloniae
1136 2545 1346 2635 Allobrogum
1357 2557 1439 2618 1760
1488 2622 1493 2636 x

10 2671 16 2688 ⁸
147 2685 631 2774 evrdgutasintersesefideliter
639 2685 777 2765 collatae,
790 2683 1010 2762 curaverimus,
1020 2695 1056 2747 ut
1066 2681 1438 2768 discrepantiaeinluoem

148 2814 273 2878 educte
287 2835 395 2879 omnes
409 2814 682 2900 perlustrarentur,
696 2811 760 2902 qud
773 2837 896 2880 errores
905 2813 991 2881 haud
1003 2829 1121 2894 paucos
1136 2806 1219 2904 foras
1235 2809 1435 2875 extrusimus.

149 2936 302 3022 Denique
312 2949 347 3002 ut
360 2937 440 3002 nihil
455 2937 584 3018 deesset,
609 2938 685 3026 quin
705 2939 821 3002 librum
843 2938 973 3026 singulis
995 2945 1243 3004 consummatum
1257 2934 1440 3013 faceremus,

149 3063 257 3127 studio
277 3065 446 3148 permissus
484 3075 553 3129 eret
573 3063 631 3128 viri
653 3064 828 3130 matheseos
849 3065 943 3149 plane
964 3063 1057 3149 periti
1082 3062 1213 3128 Joannis
1230 3059 1279 3126 M.
1296 3059 1440 3148 Wrigbt,

151 3191 338 3256 Academiae
353 3193 617 3281 cantabrigiensis
633 3195 762 3274 alumni,
785 3195 849 3282 qui,
871 3191 993 3260 schedis
1009 3194 1154 3260 omnibus
1168 3191 1349 3283 diligentids
1369 3217 1442 3281 per-

152 3325 252 3403 lectis,
272 3324 410 3390 maculas
426 3325 553 3413 quidem
568 3326 748 3391 cumulatim
764 3331 855 3413 (teste
865 3326 962 3412 ipsius
972 3325 1181 3415 autographo)
1198 3347 1269 3412 quae
1284 3327 1317 3391 in
1333 3325 1443 3390 editio·

154 3457 246 3520 nibus
265 3456 422 3542 prioribus
453 3457 625 3535 latuissent,
656 3456 754 3542 ejecit.
800 3455 873 3541 Qud
899 3455 939 3521 de
964 3455 1071 3526 caussa
1097 3455 1188 3520 nobis
1212 3474 1283 3538 spes
1307 3454 1444 3518 maxima

86 3613 88 3618 ·
152 3587 322 3651 editionem
336 3601 477 3654 nostram
491 3611 558 3675 prae
573 3589 717 3654 omnibus
732 3589 917 3678 eligendam,
929 3602 996 3654 tum
1008 3593 1127 3658 caeteria
1139 3591 1239 3656 multo
1252 3589 1444 3656 emendatio-

154 3739 228 3794 rem,
259 3727 329 3782 tum
349 3729 417 3783 arte
441 3717 666 3808 typographicrl
688 3717 783 3808 longe
810 3719 1048 3785 adornationem.
1106 3719 1151 3785 At
1171 3719 1198 3784 si
1218 3737 1283 3783 non
1304 3718 1337 3781 in
1358 3716 1445 3781 omni

151 3859 239 3930 parte
253 3847 296 3910 ait
316 3845 466 3932 perfecta,
489 3847 522 3911 in
542 3847 726 3913 memoriam
746 3869 868 3926 revoca,
892 3847 1009 3914 lector
1029 3847 1188 3926 benevole,
1212 3870 1306 3935 quam
1321 3847 1445 3912 difficile

149 3989 204 4054 est,
221 3975 357 4042 sortasse
371 3975 456 4041 ultra
465 3976 599 4043 hominis
614 3989 741 4057 sortem,
757 3977 937 4064 hujusmodi
952 3979 1128 4046 studiorum
1142 3988 1257 4044 statum
1280 3976 1443 4064 optimum,
1586 4075 1590 4082 ι

149 4109 354 4196 quantumvis
365 4085 559 4194 exoptatum,
575 4111 728 4200 attingere
741 4121 796 4176 aut
807 4109 964 4178 accedere.

173 4353 222 4414 Et
232 4349 305 4418 AEd.
318 4346 413 4408 Aaou.
426 4345 524 4425 Glarg.

141 4453 216 4536 Ipsis
238 4450 342 4514 Nonis
362 4447 447 4511 Junii
470 4349 589 4521 aare}
