3554 5832
342 567 403 624 364
643 559 983 628 rffltosoPHIAE
1003 557 1275 630 NATURALIS
1336 563 1446 644 [Mor.
1460 568 1626 634 Conron.

490 837 775 909 PROPOSITIO
801 841 962 910 LXXVI.
1008 843 1277 912 THEOREMA
1301 845 1467 914 XXXVI.

339 1033 375 1102 St
381 1035 504 1118 spiere
514 1037 547 1098 in
551 1057 708 1120 progressu
717 1059 737 1100 a
748 1047 846 1101 renue
856 1041 898 1102 ad
906 1041 1167 1122 circumferentium
1178 1039 1199 1122 (
1199 1041 1296 1124 quoad
1305 1041 1438 1104 mne-ie
1447 1041 1629 1104 densitatem

185 1189 189 1198 .
300 1200 303 1206 .
379 1145 479 1206 etnim
493 1146 702 1232 attractivam)
716 1155 857 1228 mumque
871 1148 1071 1225 dissimilem,
1086 1149 1119 1210 in
1128 1149 1286 1232 progressu
1306 1143 1374 1212 ueri
1388 1169 1448 1230 pcr
1468 1149 1630 1212 circum

379 1253 423 1312 ad
435 1252 536 1313 ᾱαίαπι
550 1271 659 1313 omnent
672 1273 693 1313 a
707 1261 806 1314 centro
820 1254 992 1316 &nannum
1007 1262 1074 1317 utut
1087 1255 1390 1338 mediquoesimilarcsr
1414 1263 1442 1318 ct
1452 1255 1496 1318 uis
1505 1264 1630 1318 wrac-

378 1358 442 1420 tr'ua
450 1359 557 1438 prmcti
569 1355 703 1440 mjruque
717 1358 854 1420 decrescit
874 1361 908 1422 in
931 1359 1082 1441 drquicatd
1105 1361 1221 1423 ratione
1244 1359 1395 1426 distantia
1416 1362 1546 1442 corporis
1570 1371 1629 1426 at-

378 1467 491 1528 tracti.-
513 1465 579 1526 dico
593 1465 670 1546 quod
683 1465 727 1526 uis
741 1473 815 1542 tota,
831 1465 890 1548 qud
904 1466 1066 1550 kujrumwdi
1084 1469 1201 1552 sphaera
1223 1491 1283 1532 una
1303 1470 1431 1533 attrnlm
1451 1471 1553 1544 aliam,
1581 1473 1626 1534 sit

377 1567 523 1658 reciproce*
532 1571 768 1654 proportionalis
781 1573 927 1653 quadrato
940 1575 1092 1641 distaruiae
1105 1587 1274 1644 cercirorum.

379 1763 480 1826 Sumo
495 1759 628 1846 spbaerae
644 1771 842 1846 quotcunque
856 1766 1061 1831 concentricae
1083 1767 1233 1833 similures
1249 1771 1281 1833 A
1297 1768 1336 1848 B,
1354 1767 1382 1834 C
1398 1769 1442 1846 D,
1460 1767 1488 1833 E
1503 1759 1541 1846 F,
1558 1771 1622 1834 Sec.

335 1890 467 1954 querum
493 1868 655 1932 interiores
679 1866 793 1931 udditae
816 1871 1021 1936 exterioribus
1046 1887 1234 1958 component
1257 1875 1419 1940 materiam
1440 1873 1622 1940 densiorem

333 1997 441 2040 versus
460 1988 611 2052 centrum,
636 1974 686 2038 vel
709 1975 870 2042 subductae
894 1979 1069 2068 relinquunt
1093 1983 1282 2061 tenuiorem3
1305 1997 1336 2048 et
1356 1983 1408 2050 bae
1433 1987 1502 2068 (per
1518 1983 1619 2068 Prup.

334 2082 492 2162 LXXV.)
554 2080 677 2145 trahent

332 2187 470 2276 sphaeres
491 2187 565 2253 elias
586 2198 676 2272 quot·
927 2195 967 2256 A

332 2315 454 2383 cunque
467 2295 676 2360 concentricus
796 2261 1005 2422 sq

332 2401 481 2466 sinrilares
497 2402 616 2479 GH,I
632 2399 673 2480 K,

332 2505 362 2572 L
387 2507 436 2587 M,
461 2509 518 2572 &c
544 2507 674 2596 singulae

330 2615 474 2702 singulm,
496 2614 610 2678 viribus
625 2637 674 2679 re·

331 2719 672 2803 ciproctproportione·

330 2822 411 2886 libus
437 2825 588 2909 quadrato
612 2825 674 2889 dis-

216 2983 217 2986 *
329 2928 526 2994 unuaesp.
571 2931 605 3015 (ι)
630 2930 673 2994 ut

329 3037 546 3120 componendo
560 3037 609 3102 vel
627 3039 674 3109 di.

326 3138 470 3218 videndo,
493 3163 612 3206 summa
625 3143 670 3205 vi·

325 3249 408 3314 rium
429 3249 549 3314 iliarum
571 3252 670 3314 omni·

327 3381 391 3437 um,
410 3359 458 3424 vel
473 3383 618 3426 excessus
633 3361 805 3447 aliquarum
820 3382 914 3445 supra
928 3361 1021 3436 elias;
1042 3357 1104 3422 hoc
1118 3369 1175 3436 est,
1190 3359 1247 3436 vis,
1263 3357 1324 3443 qut
1339 3356 1462 3440 spbaere
1474 3363 1549 3432 tote,
1572 3375 1613 3419 ex

329 3469 533 3534 concentricis
548 3469 781 3556 quibuscunque
795 3468 844 3533 vel
866 3467 1130 3531 concentricurum
1145 3464 1323 3529 differentiis
1338 3465 1508 3548 composite
1523 3464 1553 3528 A
1571 3463 1611 3540 B,

328 3574 426 3638 trehit
442 3587 538 3639 totam
554 3599 594 3640 ex
609 3577 811 3642 concentn'cis
826 3576 1060 3661 quibuscunque
1075 3572 1123 3636 vel
1146 3571 1408 3636 concentricerum
1431 3569 1613 3634 differentiis

328 3683 532 3765 compositum
550 3685 580 3747 G
599 3684 636 3747 H
646 3707 656 3760 ;
679 3685 737 3748 erit
752 3681 902 3747 ineidem
913 3681 1041 3744 ratione.
1086 3679 1406 3764 Augenturnumerus
1418 3675 1610 3761 spboerarum

327 3788 595 3852 conceutricurum
609 3789 642 3852 in
657 3789 813 3854 infinitum
828 3789 882 3866 sic,
898 3800 933 3851 ut
946 3784 1082 3850 materiae
1097 3783 1232 3848 densitas
1242 3781 1387 3846 unicum
1398 3783 1427 3846 vi
1438 3784 1608 3864 attractivt,

324 3897 358 3960 in
375 3917 542 3985 progressu
558 3917 576 3958 e
590 3895 835 3960 circumferentii
851 3895 891 3958 nd
905 3904 1056 3968 centrum,
1078 3890 1248 3955 secundum
1270 3888 1372 3976 legem
1394 3911 1609 3978 quamcunque

328 4017 447 4070 crescat
462 4005 509 4069 vel
525 4003 699 4077 decrescat3
721 4016 762 4080 et,
778 4002 883 4066 additu
898 3999 1023 4066 materie
1039 4021 1103 4064 non
1118 4000 1287 4078 uttrectiri,
1303 3999 1495 4086 complentur
1508 4001 1608 4065 ubivis

325 4113 460 4178 densitas
475 4113 632 4189 deficiens,
649 4133 687 4174 eo
702 4122 737 4174 ut
751 4111 883 4195 sphaeroe
901 4109 1062 4195 acquirunt
1083 4109 1214 4174 formum
1236 4112 1375 4197 quamvis
1398 4123 1553 4196 optatam
1575 4121 1609 4172 et

359 4349 390 4414 (¹)
408 4351 422 4380 ⁰
440 4349 474 4397 Et
484 4350 636 4410 cortpcuendo
647 4347 681 4394 ud
692 4345 815 4397 diuidendo,
827 4341 869 4388 tre.
896 4339 952 4388 Hoc
983 4341 1096 4387 inversum
1149 4339 1223 4388 udrnti
1247 4340 1360 4388 distentia
1386 4349 1525 4398 ceruorum,
1550 4338 1609 4403 mgb

326 4423 368 4472 est,
381 4414 406 4460 in
416 4410 590 4459 nauticarum
606 4417 738 4458 tenuentur
754 4404 914 4454 communium
928 4403 952 4460 Β,
983 4419 1075 4452 sunum
1095 4419 1124 4451 ve
1156 4403 1287 4452 differentia
1310 4403 1394 4450 virium
1418 4405 1503 4466 quibus
1526 4418 1609 4451 omnes

329 4479 357 4531 P.
375 4477 403 4523 sit
421 4476 526 4522 armento
542 4476 684 4534 sphaerarum
703 4463 954 4524 (iuduunt
984 4467 1441 4528 epmeH,1K,LMuspbreris
1458 4469 1479 4514 Α
1495 4465 1608 4525 B,CD,

325 4539 415 4601 spheri
430 4541 452 4586 Α
465 4539 494 4595 Β,
506 4553 527 4594 ι,
538 4539 562 4594 b,
574 4553 587 4584 c
595 4553 603 4596 5
620 4553 634 4584 u
650 4533 740 4597 sphera
752 4535 773 4582 C
785 4533 818 4590 D,
830 4533 853 4588 d,
865 4545 885 4586 e,
897 4531 924 4589 ἡ
941 4549 956 4578 ι
987 4531 1010 4579 E
1024 4531 1201 4580 Fettrebuutur
1210 4531 1235 4577 in
1246 4529 1320 4591 primi
1331 4530 1445 4584 distertii.
1457 4530 1609 4578 etitndsum-

326 4603 416 4664 spuere
429 4603 451 4649 E
466 4602 493 4659 F,
505 4617 530 4664 g,
542 4603 567 4658 b,
579 4601 603 4647 ir
622 4601 724 4647 vetimte
734 4595 788 4646 verb
798 4595 839 4644 illt
848 4593 957 4643 dicundi
1058 4595 1097 4642 vel
1107 4594 1259 4642 diffumtiem
1273 4593 1356 4640 virium
1371 4595 1396 4642 in
1411 4595 1483 4644 attero
1498 4608 1554 4642 cusu
1569 4595 1608 4642 in·

198 4703 203 4709 .
325 4666 485 4714 communium
502 4674 636 4712 ceutronum
653 4665 677 4718 S,
697 4663 790 4711 Priuer
808 4673 890 4707 omnes
906 4659 954 4706 ille
985 4658 1048 4708 versi
1058 4667 1086 4706 ut
1095 4658 1206 4723 quedmtr
1215 4657 1382 4706 distantiarum.

325 4731 478 4777 mutabuntur
489 4726 613 4789 respective
624 4725 754 4776 secuudum
764 4725 879 4774 ndum
888 4723 954 4774 illum
