3580 5866
162 466 357 548 Duram]
550 474 789 543 PRINCIPIA
812 475 1199 546 numunianum·
1462 491 1500 548 18
1568 553 1571 558 ,

164 651 251 730 lunt,
270 661 306 716 et
319 652 500 722 Plenam
519 679 625 724 seeum
637 658 775 738 deterre
790 661 920 748 singtdss
936 664 1096 730 Coelorum
1109 676 1222 750 partes,
1248 676 1280 730 et
1295 666 1432 732 Planetae
1448 668 1501 754 qui

170 758 302 824 relative
316 759 475 846 quidem
497 764 535 830 iu
552 765 647 832 coens
659 767 883 851 suisproximis
895 770 1066 862 quiescunt,
1077 784 1240 836 moventia
1254 771 1335 841 vert.
1374 773 1503 838 Mutant

169 865 471 951 mitupositionea
489 893 563 936 meas
576 872 617 938 ad
631 872 763 938 invicem
776 878 876 958 (secus
886 872 980 960 quim
995 876 1033 940 fit
1044 877 1077 940 in
1092 877 1163 942 verb
1177 878 1413 965 quiescentibus)
1425 881 1501 944 unfi-

171 995 233 1060 que
242 994 324 1038 eum
331 975 440 1040 ecelis
456 976 562 1044 deleti
572 979 758 1064 participent
768 1002 877 1044 eorum
885 993 996 1062 motae,
1011 995 1044 1048 ot
1053 995 1089 1048 nt
1102 995 1207 1069 partes
1220 983 1443 1052 revolventium
1452 997 1501 1052 to-

169 1095 292 1158 tamm,
309 1080 356 1146 ab
371 1103 508 1150 eorsum
521 1086 634 1152 axibus
648 1085 792 1152 medere
805 1099 967 1154 conantur.
1113 1145 1114 1148 ,
1424 1097 1425 1101 ’

213 1205 444 1284 antitates
471 1211 612 1275 readers
633 1223 784 1278 nonsatu
805 1213 901 1300 igitur
919 1215 1266 1302 aoemnqnmtitstes,
1287 1239 1421 1305 qrmrnm
1442 1239 1500 1286 no·

170 1313 357 1399 ninapm
372 1316 622 1402 sederunt-sed
641 1327 713 1382 stmt
733 1339 841 1383 emam
859 1339 1013 1386 mnarum
1031 1321 1095 1386 illm
1114 1324 1270 1390 samnites
1294 1330 1501 1412 (vermerien-

171 1423 304 1504 mbas)
328 1424 461 1510 qubus
477 1427 591 1514 vulgus
614 1427 686 1491 loco
705 1429 910 1514 quantitatum
928 1441 1174 1496 mensumtarum
1197 1433 1302 1500 utitnn
1345 1435 1392 1500 At
1414 1433 1439 1496 si
1459 1449 1501 1500 ex

175 1551 247 1594 usu
258 1528 470 1596 dffiniendoe
489 1545 562 1597 sant
579 1533 747 1598 verbenas
765 1535 1012 1622 significationes,
1036 1557 1093 1623 par
1111 1539 1239 1604 nemias
1256 1539 1315 1606 ille.
1325 1539 1499 1624 Temporis,

185 1637 305 1720 spatii,
323 1635 412 1702 [ού
427 1649 466 1704 et
480 1639 590 1704 Motus
603 1637 734 1725 proprii
754 1641 962 1730 mtehigmdm
981 1654 1073 1708 ertmt
1090 1644 1141 1708 lue
1159 1664 1312 1710 mensurae
1330 1645 1500 1724 sensibilem

185 1757 220 1808 et
234 1763 344 1808 sama
359 1745 430 1810 erit
444 1747 580 1812 insolens
590 1757 621 1812 et
634 1745 713 1831 pure
734 1747 984 1829 Mathematicus,
1006 1752 1032 1815 si
1053 1752 1238 1837 quantitates
1250 1763 1437 1818 mensurate
1448 1751 1501 1818 hie

183 1849 431 1938 intelligantur.
486 1853 624 1919 Proinde
644 1854 707 1918 vim
730 1853 867 1918 inferunt
891 1857 992 1922 Samis
1017 1857 1140 1937 Liseus,
1165 1859 1219 1945 qui
1241 1879 1331 1923 voces
1344 1857 1436 1923 hasce
1460 1859 1501 1922 de

182 1957 432 2044 quantitatibus
450 1959 634 2024 mmsuratis
652 1959 698 2025 ibi
716 1960 967 2046 interpretentur.
1025 1963 1137 2052 Neque
1158 1963 1262 2038 minus
1289 1967 1500 2030 contaminent

183 2063 367 2130 Mathaeir
384 2077 419 2130 et
434 2065 678 2152 Philosophiam,
703 2067 756 2154 qui
770 2059 955 2154 quantitates
965 2087 1052 2136 vetas
1064 2091 1138 2150 eam
1151 2071 1288 2158 ipserum
1301 2071 1500 2138 rehtionibm

183 2183 222 2237 et
234 2172 434 2261 vulgun‘bss
446 2175 600 2240 mmm
612 2166 817 2241 confinium

236 2277 369 2346 Morus
378 2280 502 2367 quidem
511 2301 599 2346 veros
608 2278 975 2370 eorponrmbingulorum
985 2302 1180 2372 cognoscere,
1192 2295 1224 2349 et
1233 2284 1274 2349 ab
1282 2283 1500 2370 apparentibus

196 2395 280 2449 aeta
294 2385 518 2468 diser-immam,
532 2387 748 2452 difficillimum
761 2400 826 2452 est:
848 2400 1014 2473 propterea
1026 2390 1112 2476 quod
1125 2401 1228 2474 partes
1242 2391 1332 2475 spatii
1345 2391 1427 2453 illius
1440 2391 1500 2452 im-

199 2492 351 2572 mobilis,
374 2495 408 2557 in
422 2517 481 2581 quo
494 2514 628 2580 eorpors
640 2493 713 2560 vere
727 2506 900 2574 moventur,
922 2517 987 2559 non
1001 2475 1164 2561 incurrunt
1182 2497 1215 2560 in
1238 2518 1352 2562 sensns
1398 2498 1500 2562 Causa

200 2607 319 2664 tam·
332 2622 400 2666 non
414 2614 458 2665 est
469 2623 600 2687 prorsus
613 2599 783 2687 desperata.
828 2603 911 2668 Nam
936 2605 1119 2691 argumenta
1137 2603 1255 2668 desmui
1268 2614 1407 2688 possunt,
1426 2623 1500 2688 par-

197 2706 262 2770 tim
285 2727 330 2770 ex
341 2708 476 2772 motibus
484 2709 706 2794 nppmentibus
715 2709 850 2796 quisunt
859 2723 1001 2774 motuum
1014 2727 1158 2774 veronna
1170 2709 1363 2788 differentia,
1385 2710 1499 2795 partlm

200 2835 246 2878 ex
260 2815 382 2879 viribus
395 2839 467 2902 quse
481 2827 554 2881 sunt
566 2827 708 2880 mettum
721 2839 866 2882 verorum
880 2839 981 2882 causae
1001 2827 1032 2882 et
1045 2817 1177 2882 effectus.
1223 2812 1271 2883 Ut
1284 2817 1310 2881 si
1324 2815 1410 2904 globi
1424 2815 1497 2896 duo,

201 2920 247 2984 ad
262 2921 370 2986 datam
377 2923 420 2987 ab
429 2923 562 2988 invicem
576 2923 751 3010 distantiam
765 2924 820 2987 filo
830 2923 1039 2988 intercedente
1050 2911 1192 3002 connexi,
1202 2923 1431 2988 revolverentur
1440 2924 1499 2987 oir-

203 3049 247 3091 ea
261 3051 427 3093 commune
446 3031 605 3118 gravitatis
615 3047 766 3110 cenmtm,
782 3031 985 3095 innotesceret
999 3053 1039 3094 ex
1047 3031 1185 3094 tensione
1199 3030 1244 3095 fili
1255 3041 1381 3094 conatus
1389 3029 1499 3116 globo-

208 3154 287 3197 rum
300 3135 462 3200 reeedeudi
476 3137 516 3201 ab
529 3159 590 3202 axe
598 3151 710 3216 motus,
732 3148 763 3200 et
776 3137 850 3202 inde
864 3139 1017 3224 quantitas
1035 3149 1137 3202 motus
1152 3136 1307 3200 circularis
1326 3136 1498 3219 computari

210 3253 330 3325 ponet.
363 3243 420 3328 (³)
444 3243 566 3308 Deinde
580 3245 605 3308 si
618 3246 699 3308 vires
719 3245 866 3330 quaelibet
885 3245 1019 3331 mquales
1033 3245 1067 3308 in
1081 3245 1214 3308 alternas
1228 3243 1393 3330 globorum
1406 3241 1498 3305 facies

208 3348 253 3412 ad
274 3359 397 3412 motum
419 3349 597 3415 circularem
622 3350 799 3438 augendum
824 3351 873 3416 vel
897 3351 1101 3415 minuendum
1125 3350 1216 3414 simu
1238 3350 1497 3433 imprimerentur,

206 3454 417 3521 innotewet
436 3477 478 3522 ex
492 3457 582 3522 anoth
596 3458 645 3522 vel
666 3455 816 3522 diminuti
831 3457 876 3521 fili
890 3458 1028 3521 tensione
1043 3467 1242 3543 augmentum
1257 3455 1306 3518 vel
1320 3454 1498 3520 decremen-

208 3573 280 3626 tum
292 3574 405 3642 motus‚
429 3575 462 3626 et
482 3563 556 3627 inde
569 3563 695 3628 tandem
715 3564 846 3628 inveniri
859 3574 987 3648 possent
998 3563 1091 3626 facies
1104 3562 1268 3648 globorum
1283 3561 1316 3624 in
1331 3584 1406 3648 ques
1420 3564 1499 3626 vires

209 3669 349 3752 imprimi
359 3667 518 3748 deberent,
540 3681 577 3733 ut
589 3682 691 3734 motus
705 3672 839 3736 maxime
854 3669 1034 3760 augeretur3
1057 3668 1090 3733 id
1104 3679 1158 3746 est,
1174 3667 1268 3732 facies
1281 3669 1418 3753 posticae,
1435 3669 1498 3732 sive

209 3795 283 3860 ques
296 3777 330 3839 in
344 3788 433 3840 motu
447 3776 589 3840 ebculan
603 3789 781 3864 sequuntur.
816 3777 959 3865 Cognitis
972 3787 1076 3840 autem
1086 3773 1220 3840 faciebus
1234 3796 1305 3860 quae
1320 3787 1496 3861 sequuntur,

210 3893 244 3945 et
262 3881 402 3948 seriebus
425 3885 573 3968 oppositis
595 3905 666 3970 qum
687 3883 878 3969 precedunt,
902 3893 1137 3971 cognosceretur
1158 3882 1374 3946 determinatio
1387 3893 1497 3945 motus

210 3989 251 4052 ln
264 3987 350 4052 hunc
363 3989 495 4053 modum
509 3989 639 4054 inveniri
653 4003 757 4075 posset
770 4003 801 4055 et
815 3991 968 4076 quantitas
991 4001 1023 4054 et
1046 3989 1262 4053 determinatio
1284 3999 1386 4051 motus
1408 3987 1498 4070 hujus

209 4095 368 4160 eirnrlaris
382 4097 417 4159 iu
432 4117 531 4160 vacuo
546 4097 652 4181 quovis
666 4099 826 4174 immenso,
842 4097 897 4160 ubi
911 4096 988 4159 nihil
1003 4107 1124 4161 extaret
1137 4108 1300 4159 externum
1314 4106 1345 4158 et
1358 4091 1499 4156 sensibile

209 4222 341 4286 quocum
357 4202 450 4289 globi
465 4200 598 4266 conferri
618 4215 754 4288 possent.
801 4204 835 4269 si
850 4205 917 4289 jam
931 4203 1188 4266 constitnerentur
1201 4200 1235 4265 in
1249 4199 1347 4284 spatio
1361 4197 1416 4260 illo
1430 4219 1498 4262 eor·-

206 4365 842 4486 ttfflslnrtr‘tri
978 4360 1502 4490 matt

205 4510 250 4556 que
259 4494 380 4542 minorem
398 4491 531 4540 sursdmin
546 4495 598 4542 a'e're
614 4495 768 4542 resistentiam
780 4494 845 4542 inve-
874 4489 951 4537 morus
969 4491 1086 4538 curculans
1101 4487 1212 4544 absoluta,
1231 4495 1258 4534 ut
1276 4485 1384 4550 deinceps
1404 4489 1502 4538 demon·

205 4557 273 4616 nient,
298 4557 330 4606 ad
349 4557 427 4605 latera
447 4556 525 4604 situle
537 4557 715 4606 accumulantur
725 4567 749 4605 et
765 4573 845 4604 ascen-
865 4555 988 4616 ,stabitur

203 4618 844 4748 illail‘iiffltl's'l‘iii'iiiil‘mnhl'jii
876 4616 1217 4746 nlhffi'giisihi‘ll}
1225 4615 1478 4730 teman*

201 4757 284 4798 tuntur.
321 4755 375 4816 (10.
397 4746 449 4810 ll.)
469 4745 544 4796 Porrd
554 4763 610 4796 eum
620 4749 682 4796 inter
692 4748 739 4796 vim
757 4747 842 4796 centri·
873 4747 1010 4810 augendum
1021 4745 1057 4792 vel
1068 4743 1229 4798 miuuendum,
1247 4743 1435 4803 imprimerentur
1445 4745 1503 4792 vim

195 4812 223 4860 fu
287 4825 311 4864 et
323 4813 479 4864 celeritatem
487 4812 589 4872 corporis
599 4813 624 4860 in
636 4811 691 4860 dato
702 4811 790 4858 circulo
806 4827 843 4858 re-
874 4811 983 4875 quaelibct
994 4807 1100 4871 aquales,
1112 4824 1164 4870 que
1179 4805 1275 4867 proindd
1288 4821 1334 4854 nou
1345 4809 1503 4868 perturbarent

193 4830 305 4929 ruffinis
316 4887 388 4930 certa
399 4875 488 4924 debeat
506 4890 555 4924 esse
572 4890 599 4924 ar
607 4875 771 4954 ¹determinata
787 4890 841 4939 pro·
874 4874 1029 4938 equilibrium
1041 4871 1165 4936 globorum
1176 4870 1237 4918 circu
1247 4885 1372 4918 comune
1387 4869 1504 4934 meinric
