3584 5864
173 475 284 599 mma
297 528 458 608 Parcius]
525 521 763 590 PRINCIPIA
794 463 1163 584 MATHElldATlCA.
1384 523 1448 580 ⁴209

168 699 358 781 trochoides)
368 694 556 784 geometrici
570 692 772 758 irrationales.
816 690 900 756 Nam
923 687 1131 774 longitudines
1151 707 1221 772 quae
1235 696 1308 749 sunt
1321 687 1371 749 vel
1384 707 1448 750 nou

169 821 243 874 sunt
267 819 302 870 ut
322 825 470 868 numerus
493 801 535 866 ad
556 821 720 864 numerum
734 793 1007 882 (quemadmodum
1026 793 1059 856 in
1080 789 1448 870 decimoelernentorum)

170 927 242 980 eunt
262 909 456 978 arithmetice
470 906 635 972 rationales
649 904 699 969 vel
720 899 922 968 irrationales.
966 899 1083 962 Areum
1098 897 1191 983 igitur
1209 895 1352 980 ellipseos
1372 909 1450 960 tem-

169 1023 239 1107 pori
275 1013 542 1102 proportionalem
570 1009 719 1077 abscindo
754 1029 812 1094 per
848 1025 974 1071 curvam
1010 1001 1201 1092 geometrice*
1241 1002 1448 1068 irrationalem

171 1141 208 1192 ut
222 1125 370 1213 sequitu.

358 1440 639 1512 nnorosrmo
662 1437 795 1506 xxxi.
845 1418 1104 1502 raonnnua
1127 1385 1261 1500 rimu.

176 1707 315 1789 copore
342 1705 376 1766 a
397 1700 471 1766 raet
492 1697 664 1784 trajectmtd
683 1695 814 1780 enatos
836 1697 908 1759 mar
921 1697 1052 1760 saonae
1073 1696 1163 1758 zoam
1183 1695 1349 1778 arrepta
1362 1651 1454 1781 wig.

769 1811 879 1866 natan.

217 2023 371 2108 Ellipseos
387 2021 482 2088 APB

176 2129 258 2194 sitA
273 2143 379 2194 vertex
397 2130 483 2214 prin·

175 2235 291 2322 cipalis,
315 2237 339 2300 S
360 2234 483 2298 umbili-

175 2363 241 2420 cus,
277 2351 309 2406 et
345 2340 377 2406 0
412 2361 484 2426 cen·

178 2457 272 2528 trum,
313 2447 413 2532 sitque
457 2445 485 2509 P

176 2553 317 2646 corporis
342 2552 427 2616 locus
437 2552 486 2615 in-

174 2659 354 2726 veniendus.
408 2659 487 2726 Pro-

175 2765 238 2832 (luc
264 2767 297 2832 0
325 2769 357 2832 Α
379 2764 420 2830 all
443 2763 485 2832 Gr

174 2885 210 2938 nt
236 2873 277 2938 sit
316 2871 349 2937 0
377 2871 411 2937 G
446 2869 488 2934 ad

176 2979 253 3044 ΟΛ
278 2991 313 3044 ut
328 2977 360 3043 Ο
386 2979 418 3042 A
446 2975 488 3042 ad

176 3085 257 3152 OS.
301 3087 397 3174 Erige
417 3085 673 3170 perpendiculum
712 3085 745 3151 G
774 3085 822 3164 H,
856 3097 1025 3170 contioque
1054 3085 1143 3150 Oet
1170 3083 1332 3149 intervallo
1362 3084 1394 3150 Ο
1423 3087 1457 3150 G

174 3192 316 3256 describe
344 3191 492 3255 circulum
523 3192 556 3256 G
585 3191 615 3256 E
646 3193 681 3270 F,
713 3205 745 3256 et
774 3214 868 3278 super
896 3191 1005 3280 regula
1023 3191 1056 3258 G
1070 3191 1128 3280 2H,
1158 3213 1216 3256 ceu
1244 3190 1352 3268 fundo,
1382 3213 1456 3275 pro-

174 3306 335 3394 grediatur
359 3317 427 3370 rota
449 3305 527 3372 GE
546 3305 573 3370 F
595 3305 784 3370 revolvendo
808 3305 891 3368 circa
909 3325 1001 3368 axem
1025 3325 1125 3381 sunm,
1148 3317 1178 3366 et
1202 3303 1319 3366 interea
1341 3314 1458 3385 puncto

174 3435 232 3478 suo
248 3413 278 3478 A
292 3411 495 3476 describendo
517 3411 710 3477 trochoidem
726 3411 757 3474 A
773 3409 802 3474 L
818 3411 844 3476 Ι.
890 3410 965 3486 Quo
978 3408 1070 3486 fecto,
1093 3429 1169 3492 cape
1183 3409 1215 3472 G
1232 3408 1263 3470 K
1289 3409 1322 3469 in
1338 3407 1457 3472 ratione

173 3523 213 3586 ad
225 3535 301 3586 rotae
315 3523 516 3606 perimetrurn
529 3521 601 3586 GE
612 3522 639 3585 F
649 3521 692 3598 G,
708 3531 743 3583 ut
753 3533 801 3586 est
814 3532 947 3605 tempus,
971 3541 1034 3605 quo
1048 3540 1161 3602 corpus
1169 3517 1401 3604 progrediendo
1417 3519 1458 3584 ab

174 3628 205 3692 A
219 3626 381 3711 descripsit
401 3649 509 3691 arcum
533 3627 565 3690 A
577 3625 614 3705 P,
637 3625 677 3690 ed
692 3639 815 3710 tempus
835 3624 1035 3688 revolutionis
1051 3623 1142 3688 unius
1157 3623 1189 3687 in
1211 3623 1321 3706 ellipsi.
1346 3623 1457 3712 Eriga-

174 3745 225 3798 tur
253 3731 512 3818 perpendiculum
540 3732 573 3796 K
595 3732 625 3796 L
646 3753 812 3796 occurrens
833 3729 989 3796 trochoidi
1013 3731 1046 3793 in
1068 3731 1108 3807 L,
1135 3743 1167 3794 et
1188 3741 1257 3794 acta
1285 3730 1316 3794 L
1343 3731 1370 3795 P
1398 3731 1458 3817 ipsi

123 3877 131 3897 ,
175 3837 407 3924 KGperallela
416 3850 559 3902 occurret
586 3835 687 3922 ellipsi
701 3839 734 3901 in
749 3838 887 3922 corporis
901 3836 972 3900 loco
987 3837 1118 3924 quaesito
1135 3835 1171 3900 Ρ.

216 3945 299 4009 Nam
313 3947 423 4010 centro
443 3943 483 4024 Ο,
500 3943 662 4008 intervallo
674 3943 705 4009 Ο
715 3945 747 4008 A
757 3943 950 4010 describatur
963 3943 1174 4008 semicirculus
1186 3945 1217 4008 A
1228 3944 1260 4020 Q
1271 3943 1309 4022 B,
1326 3956 1357 4008 et
1371 3947 1456 4010 arcui

509 2917 543 2984 11

173 4118 203 4166 sit
216 4133 283 4167 meua
295 4119 319 4168 A
328 4120 353 4167 N
361 4120 385 4166 ia
395 4118 715 4170 rationeindeflnitirectael'
726 4121 750 4169 G
765 4121 795 4169 cd
826 4121 997 4172 tiflcetioarods
1008 4124 1032 4170 A
1045 4114 1078 4180 li,
1095 4123 1224 4186 aquatione
1242 4121 1308 4170 antu
1318 4123 1457 4186 generaliter
1541 4145 1545 4151 ·

175 4182 624 4246 Pblmqutioillaflniteessenequit.
649 4183 796 4248 Eugdcurva
826 4186 1080 4247 exhiberinonpotcst
1113 4187 1214 4242 (ted.

176 4247 199 4293 A
217 4245 246 4292 Μ
268 4247 300 4298 D,
316 4246 363 4308 qud
383 4261 451 4294 arcus
467 4247 565 4309 quilibet
588 4247 611 4294 A
624 4248 649 4295 N
664 4248 690 4294 in
710 4249 799 4296 ratione
863 4255 917 4298 365.
938 4249 1004 4298 Hinc
1025 4259 1089 4311 patet
1106 4265 1187 4298 curvas
1202 4263 1283 4296 omnes
1297 4263 1397 4310 qusmrm
1415 4253 1457 4301 de·

172 4307 254 4372 quiris
267 4310 288 4357 P
301 4310 324 4356 G
341 4309 371 4356 ad
385 4309 447 4357 PM
456 4325 499 4370 per
519 4309 617 4358 candem
638 4325 728 4372 semper
743 4327 799 4360 eon·
830 4313 924 4373 smiptio
934 4313 1020 4374 pendet
1030 4329 1044 4360 a
1054 4311 1235 4376 quadraturivel
1244 4313 1456 4362 recdiicationem‘r.

172 4371 324 4420 motionem
334 4371 443 4420 dividitur
453 4373 598 4436 geometrird,
615 4373 733 4422 ratiornlis
751 4389 800 4422 noa
831 4377 878 4424 culi
889 4386 913 4424 rt
933 4377 1036 4424 melium
1046 4375 1166 4424 indefiniti
1181 4375 1261 4438 quales
1279 4387 1335 4423 sunt
1353 4377 1455 4438 spitales,

173 4445 221 4493 αις
238 4435 310 4482 redd
327 4435 467 4484 ucusAll
484 4445 508 4485 et
527 4438 679 4485 munima
693 4438 722 4496 1²,
741 4439 800 4487 ΡΝ
831 4439 995 4502 quadratum,
1009 4440 1139 4488 trochoides
1153 4455 1203 4486 use
1217 4439 1456 4500 geometricdirratio·

173 4497 256 4574 reintiq
266 4506 346 4560 posset
362 4499 490 4562 aquatione
507 4499 574 4549 suu
594 4500 700 4562 exprimi,
717 4501 799 4550 eadem
830 4503 901 4550 mles.
919 4504 957 4552 Er
968 4503 1130 4552 demonstretis
1148 4512 1227 4552 autern
1238 4501 1335 4550 minimi
1353 4508 1457 4574 sequitur

174 4570 273 4624 nquauo
293 4562 410 4609 exuberet
430 4577 522 4626 queque
542 4563 677 4611 dadonem
693 4565 799 4613 obodan
830 4565 1217 4628 droulietcvaliurnqusdrstumm
1225 4568 1259 4616 vd
1269 4566 1457 4620 recursantes

177 4625 201 4672 Δ
224 4625 245 4672 P
264 4624 295 4672 nd
312 4623 443 4672 ordinm
465 4626 487 4673 Ρ
509 4627 545 4680 Μ,
562 4641 590 4674 sc
610 4627 709 4688 proinde
732 4643 803 4676 eran
833 4627 1456 4694 detmminetamreuqusdraturamrelrectificcticnsrn

177 4687 493 4753 amnuetgeonruies
511 4690 636 4742 rationulis.
671 4692 738 4754 Ergd
752 4705 802 4740 rec·
832 4691 1156 4818 ffiolgl'iseutportinn'u
1167 4691 1455 4749 illiusdctcrrniusroeim.

976 4771 1032 4806 me·

209 4834 270 4886 voc.
285 4835 306 4885 l.
791 4837 815 4888 0
