3554 5832
167 529 278 596 Lraas
294 531 457 612 Parmos]
517 529 758 598 PRINCIPIA
780 527 1146 598 MATHEMATICA.
1381 527 1441 606 84'7

210 700 308 764 Gaul.
326 705 375 762 18.
398 696 517 762 lisdem
530 697 662 785 legibus,
677 699 789 783 quibus
803 719 916 783 corpus
928 699 957 764 P
970 699 1087 764 circium
1102 721 1215 784 corpus
1228 699 1446 780 Trevolvitur,

166 807 319 893 fingamus
334 827 467 889 corpora
479 806 571 890 plura
583 807 681 872 fluida
694 809 811 872 circum
824 808 908 872 idem
923 808 955 872 T
969 809 1009 886 ad
1023 810 1157 894 aequales
1178 811 1218 874 ab
1239 812 1308 894 ipso
1331 811 1448 876 distan-

165 915 223 978 tias
237 912 374 988 morari3
396 912 511 976 deinde
525 935 565 978 ex
579 913 628 978 his
642 915 795 1000 contiguis
809 914 896 978 facus
916 915 1042 978 conflari
1064 918 1212 982 aonidum
1233 919 1374 997 fluidum,
1397 942 1448 984 ro-

165 1019 298 1084 tundum
312 1041 350 1082 ac
364 1019 490 1103 corpori
504 1020 536 1084 T
550 1020 800 1096 concentsicum3
822 1033 855 1084 et
868 1021 999 1108 singulte
1013 1022 1120 1086 annuli
1134 1037 1247 1106 partes,
1262 1037 1366 1090 motus
1377 1049 1450 1090 suos

165 1148 272 1190 omnes
287 1125 327 1189 ad
342 1125 445 1212 legem
459 1127 598 1210 corporis
614 1127 643 1190 P
657 1127 845 1214 peragendo,
866 1129 994 1212 propius
1009 1129 1158 1192 accedent
1171 1131 1210 1194 ad
1225 1153 1337 1216 corpus
1353 1134 1394 1212 T,
1418 1146 1451 1198 et

164 1235 296 1300 celerius
310 1235 517 1299 movebuntur
531 1235 564 1298 in
578 1235 797 1319 conjunctione
811 1247 843 1299 et
857 1237 1052 1320 oppositione
1066 1237 1204 1320 ipsarum
1218 1249 1250 1302 et
1263 1243 1401 1324 corporis
1414 1243 1447 1319 S,
1482 1249 1486 1264 ¹

165 1365 260 1430 quam
275 1342 308 1405 in
323 1341 528 1428 quadraturis.
574 1341 617 1405 Et
630 1341 706 1404 nodi
721 1341 829 1404 annuli
843 1342 947 1426 hujus,
963 1365 1018 1406 seu
1035 1332 1269 1411 intersectionis
1290 1349 1355 1430 ejus
1378 1370 1450 1412 cum

164 1452 262 1536 plano
275 1450 386 1514 orbitae
400 1450 539 1535 corporis
554 1449 577 1514 S
592 1449 641 1514 vel
656 1449 697 1527 T,
714 1451 918 1535 quiescentia
935 1451 1087 1536 syzygiis3
1114 1465 1203 1516 extra
1217 1457 1354 1540 syzygias
1375 1431 1449 1519 verb

165 1558 373 1622 movebuntur
385 1557 419 1619 in
434 1555 655 1634 antecedentia,
672 1567 704 1619 et
714 1555 906 1620 velocissime
920 1556 1047 1641 quidem
1061 1559 1094 1621 in
1110 1558 1316 1644 quadraturis,
1331 1561 1449 1625 tardius

165 1667 234 1730 aaa
248 1668 282 1730 n
296 1666 382 1730 tous.
428 1665 547 1730 sanai
562 1687 685 1751 quoque
700 1663 859 1728 melantio
873 1664 1049 1742 suasim,
1073 1664 1106 1747 (ι)
1129 1645 1161 1741 ,ει
1175 1667 1241 1758 aas
1255 1669 1321 1751 ejus
1343 1668 1450 1754 sngu-

164 1771 204 1836 lis
218 1769 460 1836 revolutiombus
474 1769 673 1846 oscillabitur,
689 1767 904 1854 completique
914 1769 1106 1832 revolutione
1121 1770 1161 1833 ad
1175 1771 1339 1855 pristinum
1356 1773 1449 1836 sitnm

168 1877 293 1954 redibit,
309 1875 369 1940 nisi
385 1873 535 1961 quitenus
549 1897 606 1959 per
619 1875 857 1959 praecessionem
871 1875 1026 1938 nodorum
1040 1874 1263 1940 circumfertur.

209 1983 309 2046 vorot
328 1989 377 2046 19.
402 1981 519 2068 Finges
529 1982 595 2065 jam
609 1979 738 2066 globum
753 1980 893 2064 corporis
909 1981 951 2056 T,
966 2001 1007 2044 ex
1021 1980 1150 2044 materiei
1173 2003 1238 2044 non
1260 1981 1355 2046 fluidis
1379 2005 1452 2047 con·

168 2101 310 2167 stantem,
325 2087 469 2173 ampliari
484 2099 516 2152 et
530 2087 657 2152 extendi
671 2108 769 2173 usquc
784 2086 825 2150 ad
839 2085 924 2150 bunc
938 2087 1099 2164 aonidum,
1124 2100 1156 2151 et
1169 2087 1257 2152 alveo
1271 2109 1328 2172 per
1342 2090 1452 2152 circui-

165 2207 233 2260 tum
248 2207 396 2260 excavato
411 2194 571 2260 continere
584 2215 706 2279 aquam,
718 2201 867 2278 motuque
876 2193 987 2257 eodem
997 2193 1156 2277 periodico
1167 2193 1249 2256 circa
1259 2215 1349 2256 axem
1361 2215 1451 2258 suum

169 2303 364 2368 uniformiter
377 2301 503 2366 revolvi.
550 2301 616 2366 Hic
630 2301 734 2388 liquor
746 2323 804 2385 per
818 2301 900 2364 vices
915 2301 1102 2364 acceleratus
1118 2313 1149 2364 et
1164 2301 1335 2364 retardatus
1358 2305 1405 2384 (ut
1419 2302 1452 2364 in

167 2410 331 2496 superiore
345 2409 523 2488 corollario)
547 2405 585 2492 (ἴ)
607 2409 640 2471 in
655 2409 788 2496 syzygiis
810 2408 945 2472 velocior
967 2409 1035 2486 erit,
1058 2409 1090 2471 in
1114 2407 1309 2493 quadraturis
1334 2409 1453 2472 tardior

165 2539 260 2604 quam
276 2515 454 2600 superficies
469 2515 565 2602 globi,
582 2527 613 2578 et
630 2517 674 2578 sic
687 2515 763 2579 fluet
778 2517 810 2578 in
833 2515 921 2580 alveo
940 2517 1110 2601 refluetque
1134 2517 1174 2578 ad
1197 2515 1324 2580 modum
1348 2518 1451 2580 maris.

168 2627 274 2711 Aqua,
291 2623 479 2688 revolvendo
492 2623 574 2687 circa
587 2624 673 2710 globi
688 2638 829 2688 centrum
843 2627 1015 2711 quiescens,
1039 2627 1065 2688 si
1087 2626 1213 2689 tollatur
1227 2627 1368 2690 attractio
1383 2647 1451 2688 cor·

164 2735 250 2821 poris
267 2735 301 2811 S,
316 2733 439 2797 nullum
454 2733 593 2818 acquiret
605 2745 726 2796 motum
739 2733 843 2797 fluxus
858 2746 890 2797 et
903 2735 1052 2798 refluxus.
1098 2734 1130 2818 (¹)
1155 2736 1219 2798 Par
1233 2745 1280 2798 est
1294 2736 1373 2797 ratio
1384 2735 1451 2820 glo-
1497 2775 1500 2782 -

164 2841 409 2906 bi‘uniformiter
422 2839 650 2927 progredientis
664 2839 697 2902 in
711 2839 875 2916 directum,
899 2853 931 2904 et
952 2841 1071 2903 interea
1085 2840 1269 2904 revolventis
1284 2841 1367 2904 circa
1381 2863 1451 2904 cen-

163 2964 247 3016 trum
262 2974 352 3016 suum
376 2957 445 3036 (per
460 2949 564 3037 legum
581 2947 686 3012 Corol
702 2949 745 3028 5.)
769 2961 851 3012 utet
871 2947 957 3035 globi
977 2947 1016 3011 de
1036 2971 1129 3012 cursu
1152 2949 1311 3012 rectilineo
1333 2948 1451 3011 unifor-

166 3060 257 3122 miter
267 3058 372 3134 ·tracti,
401 3061 471 3140 (per
485 3054 590 3142 legum
608 3053 713 3118 Corol.
730 3056 774 3135 6.)
802 3055 943 3119 Accedat
958 3067 1061 3119 autem
1077 3077 1190 3140 corpus
1207 3057 1239 3136 S,
1256 3067 1288 3120 et
1301 3057 1341 3120 ab
1355 3057 1451 3138 ipsius

164 3163 347 3248 inaequabili
362 3161 543 3226 attractione
559 3181 634 3223 mox
648 3160 823 3224 turbabitur
837 3183 926 3246 aqua.
972 3161 1097 3225 Etenim
1112 3164 1210 3246 major
1232 3162 1289 3226 erit
1311 3163 1452 3226 attractio

164 3289 255 3352 aquae
269 3267 433 3350 propioris,
449 3265 552 3329 minor
567 3287 604 3328 ea
618 3265 802 3328 remotioris.
840 3267 887 3349 (ω)
911 3265 969 3328 Vis
990 3279 1094 3330 autem
1109 3267 1139 3330 L
1155 3265 1194 3358 M
1217 3265 1319 3330 trahet
1339 3289 1451 3350 aquam

165 3375 311 3437 deorsum
326 3373 358 3435 in
374 3371 579 3458 quadraturis
596 3370 747 3456 facietque
762 3372 860 3454 ipsam
877 3371 1065 3439 descendere
1077 3395 1174 3457 usque
1187 3373 1226 3434 ad
1239 3375 1397 3460 syzygias3
1420 3387 1452 3436 et

166 3501 210 3542 ns
228 3479 259 3542 K
275 3479 304 3542 L
318 3477 421 3542 trahet
434 3478 565 3541 eandem
580 3499 703 3540 sursum
724 3477 757 3539 in
780 3476 922 3564 syzygiis,
950 3476 1098 3561 sistetque
1120 3477 1303 3540 descensum
1329 3479 1394 3561 ejus
1421 3491 1452 3543 et

165 3579 259 3649 faciet
272 3585 374 3668 ipsam
389 3581 556 3646 ascendere
571 3605 668 3667 usque
683 3582 723 3645 ad
738 3581 959 3666 quadraturas:
981 3581 1041 3643 nisi
1056 3579 1207 3666 quitenus
1221 3595 1323 3646 motus
1334 3583 1452 3648 fluendi

167 3703 202 3756 et
213 3689 367 3755 refluendi
382 3689 422 3752 ab
438 3689 525 3752 alveo
540 3711 629 3774 aquae
644 3669 805 3776 dirigatui,
822 3700 854 3752 et
867 3709 924 3771 per
944 3687 1118 3752 frictionem
1140 3687 1333 3775 aliquitenus
1354 3707 1451 3757 retar-

166 3796 266 3860 detur.

211 3904 308 3966 Corol.
337 3909 389 3966 20.
414 3899 448 3966 Si
463 3901 595 3964 annulus
610 3903 676 3986 jam
696 3903 804 3989 rigeat,
824 3913 857 3966 et
875 3902 1032 3966 minuatur
1052 3902 1174 3990 globus,
1194 3904 1326 3968 cessabit
1346 3916 1449 3970 motus

199 4095 231 4205 ς)
248 4098 262 4125 ’
277 4098 310 4146 Et
322 4098 369 4144 usis
380 4095 428 4158 ejus
440 4108 482 4141 seu
496 4103 559 4140 recta
574 4108 615 4154 per
630 4103 736 4141 anuum
752 4107 794 4140 sn·
825 4109 881 4140 nem
891 4093 995 4150 absolvit,
1006 4092 1137 4141 medicerit
1147 4094 1208 4140 inter
1224 4093 1348 4140 muium
1365 4093 1449 4142 reloci-

166 4161 218 4208 nui
240 4159 310 4206 ducta
331 4160 360 4206 sd
381 4159 477 4219 planum
498 4157 548 4220 ejus
566 4155 793 4217 perpendiculariter,
825 4167 897 4205 tatem
907 4155 973 4204 fluidi
982 4155 1007 4203 iu
1019 4158 1117 4220 syzygiis
1131 4166 1156 4204 et
1170 4155 1291 4203 mioimsm
1309 4155 1334 4202 in
1351 4158 1450 4218 qusdrs·

166 4237 221 4272 com
231 4223 302 4282 plano
312 4221 352 4268 illo
362 4225 458 4284 singulis
468 4223 641 4270 remluts'onibus
649 4223 793 4276 osculabitur,
825 4221 890 4268 turis.

166 4289 210 4334 boc
222 4295 264 4342 est,
275 4285 411 4344 adplenum
423 4287 445 4332 E
459 4285 476 4332 8
488 4283 510 4331 Τ
525 4285 600 4346 magis
614 4293 639 4330 et
658 4283 738 4330 minus
753 4298 795 4344 per
860 4285 890 4347 (¹)
908 4288 921 4316 ⁸
940 4287 991 4333 Pus·
1000 4294 1032 4332 ed
1043 4286 1108 4340 ratio,
1119 4284 1163 4330 &c-
1198 4281 1229 4330 Id
1244 4292 1286 4337 est,
1303 4282 1396 4330 exclusit
1411 4301 1449 4331 ac.

166 4351 227 4397 sicea
245 4348 392 4396 inclinabitur
412 4349 479 4411 (Cor.
501 4347 551 4408 10.)
571 4350 730 4408 completoque,
750 4348 792 4393 &a
827 4347 890 4394 tione
911 4347 1012 4407 corporis
1033 4347 1050 4394 8
1068 4361 1127 4408 sque
1145 4344 1292 4392 uniformiter
1312 4348 1449 4394 revolvendo

167 4421 243 4462 totum
255 4410 309 4459 vero
323 4410 475 4458 Crrollarium
486 4420 550 4471 patet
559 4425 589 4458 ex
603 4410 680 4458 Corol.
691 4413 743 4458 M.
758 4415 794 4456 lo.
826 4409 914 4456 circum
925 4420 1031 4457 centrum
1046 4409 1109 4472 globi
1128 4408 1165 4455 vel
1184 4409 1331 4456 uniformiter
1348 4411 1404 4457 mou·
1423 4413 1448 4457 in

170 4483 205 4524 11.
221 4481 256 4524 1³.
826 4473 939 4520 directum
950 4473 987 4520 rel
998 4473 1107 4520 decursu
1123 4471 1243 4519 rectilineo
1260 4488 1301 4533 per
1318 4473 1390 4520 lineas
1409 4489 1449 4533 pa

200 4538 236 4604 (ι)
255 4543 267 4570 ·
286 4541 317 4588 In
329 4541 425 4600 syzygiis
435 4540 526 4586 adorior
537 4540 586 4592 erit,
598 4538 640 4584 &o
677 4536 723 4585 Per
737 4537 790 4583 Cor.
826 4535 917 4582 rellelss
927 4535 1073 4584 uniformiter
1082 4535 1157 4592 tracti,
1169 4533 1261 4582 nullum
1278 4537 1380 4598 sequiret
1398 4552 1448 4582 mo·

170 4607 207 4651 18.
221 4611 243 4650 et
254 4609 276 4650 3.
312 4602 374 4649 Num
386 4600 493 4647 velocitas
509 4602 632 4647 uniformis
648 4600 694 4661 qui
711 4598 795 4661 globus
827 4609 878 4646 tum
889 4599 967 4646 fluitis
977 4609 1000 4646 et
1010 4597 1120 4657 redariis,
1131 4603 1221 4647 accedat
1232 4610 1317 4654 omem,
1329 4602 1371 4646 &c

169 4665 228 4712 circi
239 4681 306 4712 uero
317 4679 387 4712 suram
399 4664 523 4712 resolvitur
533 4665 614 4712 eodem
632 4672 736 4722 temporo
753 4677 795 4722 pe-
860 4662 908 4773 Q
919 4667 932 4694 '
950 4669 1004 4712 51⁴.
1025 4665 1062 4709 Vis
1071 4673 1149 4711 ornem
1166 4665 1188 4710 Ι,
1201 4665 1237 4720 Μ,
1248 4665 1290 4710 &a
1324 4663 1392 4711 Petet
1408 4679 1449 4723 per

169 4727 256 4776 riodico
265 4727 495 4792 quoperaquaelibct
505 4725 571 4774 fluidi
587 4739 653 4774 suam
670 4725 794 4774 resolutio·
829 4725 892 4775 eoo
917 4731 939 4776 5.
951 4727 1448 4782 verumuttotumbocCorollsrium19”⁰'.
