3580 5866
169 545 361 630 neruum]
536 553 777 622 rumetum
801 553 1171 620 MATHEMATICA.
1458 547 1494 619 ll

214 717 328 784 Motus
341 720 549 804 proprietas
564 733 620 802 est,
636 722 722 809 quod
735 733 849 806 portes,
865 743 936 808 quse
945 721 1033 786 detes
1045 733 1170 788 servant
1183 720 1352 806 positiones
1363 722 1404 788 ed
1415 733 1491 802 toto,

169 826 361 911 perticipant
376 839 504 892 motus
519 828 693 893 eorundem
708 840 855 894 totorum.
900 828 984 892 Nem
1004 830 1182 914 gyreotium
1197 841 1300 912 partes
1317 829 1365 914 (¹²¹)
1381 851 1490 898 omnes

170 946 323 1001 ooomtur
338 934 513 1000 recedere
527 935 569 1000 sb
584 957 645 1000 axe
659 947 771 1013 motus,
787 947 820 1000 et
833 919 1102 1022 progredientium
1112 935 1247 1020 impetus
1255 937 1355 1000 oritur
1366 958 1407 1000 ex
1417 959 1492 1000 con-

164 1045 274 1128 juncto
288 1044 425 1128 impetu
441 1045 590 1129 partium
604 1045 807 1132 singulorum.
853 1043 952 1108 Motis
966 1044 1062 1130 igitur
1077 1043 1261 1128 corporibus
1272 1043 1491 1123 ambientibus,

168 1163 338 1216 morentur
354 1171 439 1236 quae
464 1153 502 1216 in
528 1138 735 1216 ambientibus
761 1149 890 1216 relative
914 1151 1086 1237 quiescunt.
1132 1149 1175 1216 Et
1196 1162 1363 1234 propterea
1386 1164 1490 1216 motus

167 1281 261 1324 verus
276 1271 311 1326 et
332 1259 519 1326 absolutus
541 1259 665 1324 deliniri
686 1259 795 1344 nequit
815 1279 873 1343 per
896 1257 1131 1322 translationem
1146 1279 1164 1321 e
1178 1256 1289 1328 ricinis
1311 1279 1489 1343 corporum,

168 1387 242 1452 quer
256 1377 421 1452 tanusm
438 1366 638 1452 quiescentia
651 1377 842 1450 spectentur.
887 1364 1017 1429 Debent
1031 1364 1114 1427 enim
1126 1385 1260 1447 corpora
1274 1374 1404 1428 externe
1424 1367 1490 1428 non

169 1475 279 1538 solum
295 1487 458 1560 tanquam
474 1474 669 1561 quiescentia
683 1473 827 1558 spectari,
852 1471 908 1536 sed
930 1472 1024 1536 etiem
1040 1469 1111 1535 vere
1126 1471 1294 1556 quiescere.
1340 1471 1489 1557 Alioquin

170 1579 299 1646 incluse
312 1581 439 1660 omnia,
464 1592 583 1666 prester
604 1579 840 1645 trerrsletionem
854 1602 872 1642 e
887 1576 998 1642 viciniei
1022 1575 1236 1656 ambientium,
1258 1576 1490 1662 participabunt

175 1689 272 1754 edem
286 1689 505 1754 ambientium
519 1700 624 1752 motus
639 1689 750 1762 verost
775 1698 808 1750 et
829 1685 952 1750 sublati
966 1682 1020 1748 itlt
1035 1683 1239 1748 translatione
1252 1705 1318 1748 non
1332 1682 1405 1748 vere
1420 1685 1489 1770 qui-

178 1805 292 1873 escent,
320 1795 382 1860 sed
406 1807 564 1880 tanquam
587 1792 779 1879 quiescentia
800 1790 997 1858 solummodo
1019 1789 1252 1876 spectabuntur.
1300 1791 1381 1854 Sunt
1403 1790 1489 1858 euim

175 1901 350 1966 ambientis
365 1901 414 1966 ud
429 1900 560 1979 incluse,
576 1911 613 1963 ut
626 1899 721 1964 totius
735 1919 809 1983 purs
824 1897 961 1964 exterior
975 1895 1017 1960 sd
1030 1907 1153 1980 portem
1167 1895 1360 1980 interiorem,
1382 1903 1432 1968 vel
1454 1917 1490 1970 ut

174 2020 287 2075 corten
302 2007 348 2074 ed
362 2007 529 2074 nucleum.
574 2006 668 2076 Moto
683 2011 789 2074 sutem
802 2005 929 2089 cortice,
944 1999 1074 2072 nucleus
1089 2001 1194 2088 etiem,
1208 2002 1277 2071 sine
1288 1987 1498 2076 translatione·

174 2114 215 2180 de
229 2116 348 2184 sicinii
364 2115 504 2195 corticis,
522 2137 578 2182 ceu
593 2139 667 2201 pers
681 2120 777 2185 totius
791 2129 943 2186 movetur.

220 2225 427 2292 Praeoedenti
441 2226 628 2310 proprietati
643 2225 743 2292 affinis
758 2239 815 2305 est,
827 2227 913 2314 quod
923 2240 1010 2294 moto
1021 2229 1093 2294 loco
1104 2241 1247 2297 movetur
1257 2232 1485 2312 unilocetumr

176 2330 319 2419 ideoque
334 2354 467 2417 corpum
479 2331 567 2418 quod
581 2332 708 2398 deloco
721 2337 808 2398 moto
822 2347 975 2414 movetur,
992 2338 1159 2422 participet
1172 2339 1267 2404 etiem
1280 2339 1343 2402 loci
1357 2341 1404 2404 sui
1418 2361 1486 2406 mo-

183 2449 265 2502 tum.
307 2441 352 2524 (³)
367 2441 476 2506 Motus
490 2439 588 2526 igitur
603 2461 723 2517 ornnes,
739 2440 793 2526 qui
807 2440 850 2504 de
863 2440 943 2505 locis
958 2443 1050 2506 motis
1065 2443 1247 2519 fiunt'sunt
1256 2455 1361 2528 partes
1371 2444 1485 2508 solum·

186 2543 289 2608 modo
302 2558 444 2610 motuum
455 2545 653 2632 integrorum
667 2557 700 2610 et
713 2545 929 2610 absolutorum
940 2569 949 2608 r
972 2559 1004 2610 et
1016 2557 1120 2610 motus
1135 2547 1237 2611 omnis
1256 2548 1379 2634 integer
1399 2569 1485 2612 com-

184 2652 321 2735 ponitur
333 2675 373 2718 ex
386 2664 472 2716 motu
488 2653 629 2738 corporis
643 2653 768 2720 deloco
783 2676 841 2719 suo
855 2655 968 2738 primo,
984 2667 1017 2739 et
1036 2666 1126 2720 motu
1149 2655 1212 2720 loci
1234 2655 1327 2740 hujus
1351 2656 1392 2721 de
1413 2657 1485 2722 loco

181 2779 252 2838 suo,
272 2772 307 2824 et
322 2762 366 2826 sic
379 2760 550 2845 deinceps;
572 2783 671 2848 usque
685 2761 762 2826 dum
776 2763 976 2847 pervenietur
999 2763 1039 2828 sd
1062 2761 1167 2828 locum
1190 2762 1365 2843 immotum,
1391 2776 1427 2830 ut
1450 2767 1483 2829 in

183 2870 333 2953 exemplo
346 2881 454 2934 naute
469 2889 567 2953 supra
580 2881 764 2934 memorato.
804 2870 900 2936 Unde
914 2883 1018 2936 motus
1032 2873 1147 2960 integri
1162 2883 1194 2936 et
1204 2872 1338 2938 absoluti
1347 2893 1415 2938 non
1423 2873 1485 2938 nisi

182 2995 242 3058 per
257 2975 327 3040 locs
340 2976 472 3040 immota
486 2973 612 3040 deliniri
625 2987 775 3060 possunt:
802 2988 834 3040 et
847 2990 1015 3062 propterea
1028 2977 1086 3042 hos
1100 2977 1143 3042 sd
1155 2978 1226 3042 loca
1239 2979 1378 3057 immoto,
1402 2979 1483 3044 rele-

185 3081 270 3146 tiros
285 3083 325 3148 sd
338 3084 469 3150 mobilis
484 3107 580 3169 supra
590 3085 693 3150 retuli.
738 3086 826 3151 Loca
836 3099 941 3152 eutem
955 3089 1085 3153 immota
1094 3109 1160 3152 non
1169 3101 1251 3167 sunt,
1262 3089 1321 3154 nisi
1332 3109 1404 3175 quoe
1415 3107 1482 3154 om·

190 3190 246 3254 nio
260 3189 301 3254 ab
313 3191 435 3256 infinito
448 3193 483 3256 in
496 3192 655 3258 infinitum
665 3193 754 3258 dates
764 3207 888 3260 serrant
898 3197 1068 3280 positiones
1079 3197 1120 3260 ud
1129 3197 1279 3275 invicem3
1302 3209 1394 3283 atque
1402 3197 1482 3262 odeo

192 3320 319 3386 semper
332 3315 457 3367 manent
469 3304 607 3382 immota,
621 3304 818 3391 spatiumque
832 3284 1027 3370 consumunt
1040 3299 1126 3392 quod
1133 3306 1293 3371 immobile
1304 3305 1438 3391 appello.

235 3411 360 3490 causa,
377 3413 488 3498 quibus
502 3425 607 3477 motus
620 3413 687 3476 veri
702 3425 733 3477 et
747 3412 867 3477 relativi
882 3413 1117 3501 distinguuntur
1131 3415 1171 3478 ab
1186 3415 1327 3491 invicem,
1351 3426 1425 3478 sunt
1437 3403 1481 3479 vi-

185 3539 235 3582 res
249 3519 283 3583 in
298 3501 433 3605 corpora
446 3523 608 3606 impressae
622 3522 663 3586 ed
677 3533 798 3585 motum
813 3522 1036 3609 generandum.
1083 3521 1193 3585 Motus
1207 3543 1298 3586 verus
1314 3543 1372 3586 nec
1385 3545 1481 3610 gene·

185 3639 271 3690 ratur
286 3649 346 3691 nec
360 3639 511 3707 mutetur,
528 3629 589 3692 nisi
603 3650 662 3713 per
676 3629 757 3692 vires
779 3629 812 3691 in
834 3629 938 3712 ipsum
960 3649 1074 3712 corpus
1096 3638 1217 3692 motum
1239 3627 1425 3712 impressas:
1449 3643 1482 3696 et

183 3747 287 3800 motus
301 3734 452 3800 rehtirus
466 3737 612 3824 generari
627 3748 659 3800 et
672 3737 785 3801 mutari
800 3747 902 3821 potest
917 3737 983 3800 sine
997 3735 1115 3800 viribus
1129 3735 1286 3820 impressis
1297 3736 1330 3800 in
1340 3735 1482 3800 hoccor-

182 3863 251 3928 pus.
289 3845 414 3912 Sufficit
428 3846 514 3911 enim
529 3857 566 3910 ut
579 3846 776 3931 imprimetur
790 3848 824 3910 in
838 3845 900 3910 elie
915 3845 1015 3909 solum
1031 3866 1164 3930 corpora
1178 3845 1218 3909 sd
1233 3865 1303 3930 qum
1314 3845 1351 3909 fit
1359 3846 1478 3923 relatio,

182 3964 217 4015 nt
231 3951 270 4016 iis
285 3953 474 4016 cedentibus
488 3965 627 4018 mutetur
641 3951 751 4017 relatio
765 3953 820 4017 illa
833 3954 866 4017 in
881 3952 941 4038 qui
957 3952 1049 4037 hujus
1061 3943 1147 4038 quies
1159 3943 1208 4015 vel
1219 3965 1322 4017 motus
1332 3952 1479 4022 relativus

182 4059 333 4122 consistit.
360 4059 502 4124 Rursum
516 4073 619 4125 motus
631 4081 723 4125 verus
735 4061 924 4124 aviribusin
936 4079 1050 4145 corpus
1060 4073 1179 4124 motum
1189 4060 1346 4144 impressis
1356 4081 1479 4145 semper

181 4181 320 4233 mutatur
328 4191 338 4246 ς
361 4183 394 4233 et
408 4181 514 4234 motus
529 4171 675 4234 relativus
690 4170 730 4234 ab
745 4169 794 4233 his
808 4169 926 4234 viribus
941 4189 1006 4232 non
1020 4181 1158 4232 mutetur
1168 4169 1354 4232 necessario.
1392 4169 1476 4232 Nam

180 4279 208 4341 si
222 4279 343 4342 eaedern
358 4279 443 4343 vires
458 4279 491 4341 in
509 4279 569 4343 alia
583 4281 677 4344 etiem
693 4301 836 4364 corpore,
853 4278 894 4343 ad
908 4299 980 4364 quae
994 4277 1031 4341 fit
1053 4275 1172 4355 relatio,
1195 4278 1239 4340 sic
1258 4275 1476 4360 imprimantur
1581 4333 1584 4340 .

179 4408 255 4460 puts
265 4399 366 4447 moues
376 4397 517 4455 dmmlrunt,
534 4409 558 4447 et
573 4402 603 4448 eb
620 4399 714 4448 illorum
731 4399 815 4446 centris
846 4399 883 4455 ris,
896 4413 937 4446 seu
948 4405 1054 4458 respectu
1065 4397 1111 4444 loci
1121 4393 1224 4452 mundi,
1233 4403 1256 4441 et
1263 4407 1292 4440 ex
1301 4393 1417 4445 celeritem
1424 4411 1474 4448 me-

179 4477 219 4524 pcr
228 4472 354 4526 ungenta
363 4463 469 4526 effligere
480 4473 600 4520 conentur,
618 4478 720 4526 cumque
735 4463 815 4512 omnin
846 4463 878 4509 ris
888 4471 993 4523 respectu
1004 4461 1071 4522 spatii
1082 4458 1179 4508 immoti.
1207 4458 1232 4504 Si
1243 4467 1320 4504 sutem
1329 4469 1407 4507 motus
1415 4477 1475 4509 nou-

179 4527 219 4575 ssle
228 4537 309 4576 rcntrn
319 4527 368 4574 sint
378 4528 404 4573 in
416 4527 549 4574 tremotis
560 4527 639 4588 posito,
651 4527 751 4590 singule
761 4542 814 4588 por-
846 4535 884 4582 tre,
897 4525 971 4574 motui
983 4525 1047 4572 nevis
1057 4525 1117 4572 soret
1127 4518 1213 4570 directe
1227 4522 1352 4582 oppositus.
1370 4525 1475 4574 emotum

181 4599 213 4638 ter
222 4594 251 4639 ab
261 4606 307 4639 axe
318 4590 429 4638 recedere
440 4589 554 4638 nituntur.
845 4599 925 4638 nuntie
935 4589 1043 4636 velocitas
1053 4585 1148 4650 equalis
1158 4585 1218 4633 foret
1225 4585 1361 4634 differentiis
1369 4589 1473 4638 celeriter·

211 4655 244 4720 (¹)
263 4661 300 4706 19.
322 4655 348 4702 Si
360 4664 436 4702 naute
452 4653 476 4700 ln
493 4655 545 4702 nuri
562 4655 711 4703 deambulare
727 4669 813 4716 suppo·
847 4665 897 4702 tum
909 4653 975 4700 novis
991 4661 1095 4713 respectu
1112 4649 1179 4710 spetii
1195 4649 1287 4697 immoti
1304 4659 1327 4697 et
1343 4662 1420 4699 neutre
1436 4669 1474 4701 re·

184 4727 254 4777 ntur,
263 4729 394 4780 morsusque
406 4717 471 4764 nevis
482 4728 505 4766 et
521 4729 598 4767 neutro
614 4719 752 4782 conspirent,
776 4720 813 4766 in·
845 4727 925 4780 spectu
937 4717 1008 4763 nevis.
1044 4713 1149 4762 Tandem
1161 4713 1181 4760 si
1191 4724 1270 4762 motus
1281 4723 1358 4762 nautes
1369 4727 1474 4778 respectu

186 4791 277 4894 Ἦ
287 4783 400 4832 absoluto
410 4791 490 4829 neutre
500 4783 604 4830 celeritas
620 4783 768 4844 componitur
783 4797 813 4829 ex
845 4781 910 4829 navis
921 4781 980 4828 foret
990 4779 1105 4842 obliquus,
1116 4777 1180 4824 illius
1190 4777 1285 4825 direcdo
1296 4785 1319 4826 et
1330 4779 1437 4828 velocitas
1447 4779 1473 4827 in

184 4857 212 4892 cc
242 4845 248 4858 '
270 4857 292 4894 te
302 4855 387 4894 neutro
398 4855 505 4906 respectu
522 4846 567 4894 loci
583 4847 619 4894 sui
635 4847 705 4908 primi
715 4847 739 4892 in
752 4846 811 4901 nari,
846 4845 905 4894 dnus
915 4845 972 4892 elles
983 4843 1121 4892 directiones
1132 4841 1292 4890 etvelocitstes
1302 4841 1335 4890 its
1342 4843 1424 4891 resolvi
1432 4845 1473 4892 de·

180 4921 209 4956 ex
219 4909 333 4960 celcritme
344 4909 394 4958 loci
406 4909 477 4968 illius,
489 4910 513 4958 id
524 4919 566 4969 est,
578 4911 643 4958 nuris
651 4921 756 4974 respectu
763 4925 814 4960 me·
845 4911 910 4969 beot,
921 4917 949 4957 ut
959 4923 1008 4956 uns
1017 4907 1114 4956 directio
1124 4921 1178 4955 eum
1189 4905 1287 4955 eliorum
1294 4917 1402 4956 motuum
1408 4922 1473 4956 com·
