3580 5866
324 519 364 576 ³⁸
652 521 992 596 ,PfflLOSOPHlAE
1015 515 1290 588 NATURALIS
1367 513 1517 591 [Axion.
1534 535 1608 580 ειη

324 675 509 760 Exponemr
527 676 622 762 igitur
640 675 709 740 haec
723 674 868 738 velocitas
892 693 949 756 per
973 669 1125 748 chordam
1149 671 1239 738 archs
1254 671 1287 739 Τ
1310 674 1352 739 A.
1398 675 1482 740 Nam
1495 677 1609 744 veloci.

323 793 418 846 tutem
431 780 561 864 penduli
574 781 608 844 in
621 791 739 866 puncto
752 781 861 844 infimo
874 799 941 842 esse
955 787 991 841 ut
1004 775 1154 842 chordam
1164 778 1264 858 archs,
1288 801 1383 868 quem
1395 781 1539 848 edendo
1553 785 1610 852 de-

323 887 452 971 scripsit,
468 887 640 972 propositio
653 900 700 952 ost
712 897 880 974 geone-d
919 896 952 962 G
1513 905 1543 974 F
1569 909 1604 978 n

1579 1155 1591 1222 Ι

1566 1253 1596 1319 k

323 993 378 1056 tris
400 991 571 1056 notissima.
615 991 692 1056 Post
714 989 837 1056 reflexi-

323 1117 416 1161 onem
429 1096 592 1180 perrenict
610 1117 723 1180 corpus
749 1095 779 1160 A
795 1095 836 1158 ad

265 1201 270 1212 '
323 1201 473 1280 locums,
498 1214 657 1285 etcorpus
684 1197 769 1265 Bad
791 1199 890 1322 io·'S

324 1327 396 1370 cum
410 1305 442 1370 k.
486 1304 838 1388 TolinmroorpusBct
873 1329 905 1387 Τ

325 1411 501 1474 invenietur
518 1408 606 1472 Iocus
624 1431 669 1484 v;
690 1431 712 1472 c
733 1429 797 1494 quo
810 1409 838 1472 si
892 1388 924 1456 V

327 1535 439 1597 eorpus
462 1511 493 1576 A
508 1511 687 1578 demitmnu
710 1525 743 1577 et
765 1525 838 1597 pout
1146 1526 1228 1651 μ

324 1639 420 1682 unum
438 1616 662 1682 oscilhtionem
674 1615 783 1683 redut
803 1615 844 1681 ed
1155 1654 1160 1665 x
1237 1566 1285 1635 ρ

323 1723 1200 1810 locumr,fitstpsrsquurtaipsiusrrsitainmedio,
1224 1727 1581 1796 iteridelicetutruei

321 1842 363 1894 tv
372 1839 548 1914 equentum
559 1838 656 1911 etper
667 1829 817 1896 chordam
831 1831 921 1895 archs
935 1843 949 1896 t
965 1834 994 1896 A
1014 1847 1190 1918 exponsmr
1212 1834 1367 1914 velocitas,
1383 1857 1478 1922 quem
1492 1857 1607 1922 corpus

324 1937 356 2003 A
370 1937 515 2020 proxime
527 1948 599 2022 post
608 1937 808 2002 reflexionem
817 1929 929 2004 habuc
941 1938 973 2002 in
988 1939 1058 2002 loco
1070 1940 1109 2004 A.
1133 1941 1169 2024 (θ)
1186 1941 1270 2006 Nem
1283 1953 1297 2005 t
1316 1942 1376 2007 crit
1390 1942 1476 2007 locus
1490 1943 1543 2006 iile
1554 1963 1608 2004 re·

323 2055 422 2108 ruret
435 2055 600 2122 correctus,
616 2043 758 2130 adquem
767 2065 879 2128 corpus
894 2045 936 2122 A,
951 2044 1070 2108 sublati
1085 2047 1164 2110 airis
1179 2047 1358 2126 resistendi,
1374 2048 1541 2114 ascendere
1551 2045 1607 2112 de-

323 2149 447 2215 buisset.
492 2149 592 2216 Simili
605 2149 755 2214 methodo
769 2149 971 2238 corrigendus
984 2151 1044 2215 erit
1056 2151 1186 2231 locusk,
1202 2153 1243 2218 ud
1257 2175 1350 2240 quem
1370 2175 1483 2238 corpus
1498 2155 1528 2220 B
1555 2175 1604 2218 cs-

323 2257 438 2334 cendit,
452 2267 483 2322 et
496 2255 698 2322 inveniendus
708 2255 795 2321 locus
809 2255 833 2334 1,
847 2255 889 2322 ad
903 2277 996 2342 quem
1010 2278 1121 2342 corpur
1133 2258 1211 2322 iilud
1224 2258 1390 2324 ascendere
1400 2259 1556 2324 debuisset
1569 2257 1604 2322 in

324 2383 431 2428 vacuo.
476 2363 554 2427 Hoc
567 2371 660 2446 pacto
674 2361 811 2446 experiri
824 2361 897 2427 licet
910 2362 1025 2438 omnia,
1045 2364 1176 2448 perinde
1190 2387 1226 2428 cc
1240 2365 1265 2428 si
1285 2365 1318 2427 in
1332 2385 1430 2428 vacuo
1448 2363 1606 2428 constituti

324 2491 467 2534 murus.
509 2467 655 2533 Tandem
672 2467 850 2532 ducendum
869 2467 930 2531 erit
947 2489 1062 2552 corpus
1078 2471 1109 2534 A
1134 2470 1236 2555 (utits
1259 2469 1376 2551 dicem)
1398 2469 1432 2533 in
1455 2467 1606 2534 chordam

325 2573 414 2638 archs
430 2574 462 2638 T
477 2575 517 2651 A,
533 2595 605 2660 quae
619 2573 811 2640 velocitatem
825 2573 891 2660 ejus
904 2572 1042 2654 exhibet,
1056 2573 1362 2642 uthnbeoturmotus
1374 2578 1439 2661 ejus
1453 2575 1486 2640 in
1497 2575 1566 2640 loco
1576 2576 1608 2642 A

324 2677 467 2764 proximi
481 2691 553 2744 ente
566 2679 780 2756 reflexionem
802 2678 916 2744 deinde
929 2679 963 2742 in
971 2679 1123 2747 chordam
1136 2683 1226 2746 crcds
1241 2695 1254 2746 t
1268 2683 1309 2760 A,
1326 2695 1361 2746 ut
1375 2681 1525 2762 habentur
1538 2703 1609 2744 mo-

325 2797 374 2849 tus
389 2787 453 2870 ejus
466 2786 500 2848 in
514 2784 584 2847 loco
599 2785 631 2848 A
640 2783 784 2867 proxime
797 2795 869 2868 pont
881 2783 1091 2851 reflexionem.
1136 2787 1179 2852 Et
1197 2787 1240 2850 sic
1249 2809 1362 2872 corpus
1382 2788 1411 2853 B
1427 2785 1607 2850 duoendum

325 2892 385 2957 erit
398 2893 431 2954 in
445 2888 595 2954 chordam
608 2887 698 2954 arctis
713 2889 742 2955 B
755 2889 778 2968 l,
793 2899 827 2953 ut
841 2887 992 2954 habemur
1010 2904 1112 2956 motus
1126 2895 1191 2978 ejus
1205 2892 1348 2977 proximi
1370 2902 1442 2976 post
1463 2890 1607 2956 reflexio-

325 3021 407 3064 nem.
452 2995 495 3060 Et
508 2995 599 3059 simili
613 2993 771 3074 methodo,
786 2995 841 3059 ubi
855 3018 987 3080 corporo
1000 2997 1064 3061 duo
1085 2998 1175 3062 simrd
1189 2998 1393 3064 demittuntur
1406 2997 1446 3061 iic
1462 2997 1538 3060 locis
1558 2996 1608 3062 di·

325 3105 429 3181 versis,
445 3101 620 3166 inveniendi
638 3113 710 3166 sunt
722 3113 824 3166 motus
834 3103 994 3190 utrimque
1007 3115 1071 3170 tam
1090 3115 1173 3181 unte,
1195 3125 1289 3190 quam
1302 3115 1373 3190 post
1392 3103 1608 3182 reflexionem

325 3225 358 3277 et
369 3222 437 3274 turn
447 3208 572 3272 demum
583 3206 762 3272 conferendi
774 3219 847 3272 sunt
859 3220 961 3272 monn
975 3210 1056 3274 inter
1069 3232 1102 3274 se
1121 3222 1153 3275 et
1165 3209 1333 3297 colligendi
1347 3208 1608 3280 effectusreflexi-

325 3317 403 3382 onis.
448 3313 524 3380 Hoc
536 3313 631 3386 modo
649 3313 683 3376 in
702 3311 846 3397 pendulis
859 3313 983 3410 pedum·
994 3314 1103 3380 decem
1117 3337 1184 3380 rem
1198 3314 1358 3393 termido,
1382 3313 1475 3399 idque
1490 3313 1522 3376 in
1537 3335 1607 3377 eor·

325 3423 452 3512 poribus
467 3433 531 3486 tam
544 3421 747 3508 inaequalibus
766 3443 860 3506 quem
879 3421 1061 3507 aequciibus,
1083 3433 1116 3486 et
1133 3421 1275 3488 iaciendo
1296 3433 1331 3485 ut
1349 3441 1481 3505 corpora
1498 3419 1540 3482 de
1557 3421 1606 3484 in-

326 3530 459 3596 tervallis
472 3527 675 3612 amplissimis,
691 3524 766 3610 putd
779 3526 895 3610 pedum
909 3541 981 3592 octo
995 3527 1043 3592 vel
1053 3527 1218 3594 duodecim
1232 3528 1281 3592 rel
1296 3525 1462 3604 sexdecim,
1476 3545 1607 3588 wncur-
1633 3549 1639 3560 ·

326 3651 443 3714 mrent3
465 3635 567 3719 reperi
581 3655 702 3718 semper
716 3633 782 3696 sine
796 3655 902 3698 errore
924 3635 1017 3698 trium
1025 3634 1193 3722 digitorum
1219 3635 1253 3698 in
1275 3632 1437 3711 mensuris,
1461 3629 1514 3694 ubi
1536 3653 1605 3695 cor-

326 3765 413 3814 tioncm
423 3764 448 3812 in
459 3759 546 3824 dupiici
558 3770 654 3808 ascensu
665 3768 688 3808 et
699 3757 823 3818 descensu3
839 3757 911 3823 quone
921 3767 949 3807 ut
979 3760 1079 3806 arcubus
1089 3752 1208 3820 descriptis
1218 3757 1408 3820 propordondeu,
1420 3755 1464 3802 erit
1474 3769 1542 3802 meus
1554 3757 1571 3803 S
1582 3757 1604 3804 A

326 3830 438 3878 habeatur
453 3825 524 3873 medii
542 3823 666 3872 retardatio
682 3823 708 3871 in
723 3837 773 3870 uno
795 3833 887 3870 tuntum
907 3823 949 3870 ds-
980 3821 1019 3886 (ι)
1030 3821 1060 3869 sd
1078 3837 1160 3870 mcum
1179 3824 1203 3870 R
1215 3825 1238 3870 A
1251 3823 1290 3888 (1)
1301 3833 1330 3870 ut
1340 3819 1464 3868 mundatio
1474 3833 1541 3866 nrum
1553 3820 1570 3866 8
1582 3820 1607 3868 A

325 3909 415 3948 mensu,
433 3887 547 3938 mmcnds
564 3897 600 3936 est
609 3896 691 3952 qusrts
701 3901 754 3948 pm
764 3885 835 3934 totius
844 3885 946 3934 returds·
976 3900 1030 3947 qun
1044 3885 1154 3933 stcudttrr
1170 3901 1220 3934 ctus
1230 3889 1252 3942 b,
1270 3901 1311 3934 scu
1328 3895 1412 3948 quartu
1428 3897 1481 3942 pm
1496 3883 1570 3929 totius

325 3955 402 4010 tionis.
421 3955 444 4002 id
455 3963 490 4001 est
499 3961 581 4016 quarm
590 3965 643 4014 pem
653 3965 721 3998 arcus
733 3951 757 3998 R
769 3951 800 4004 V,
817 3949 946 3998 dummodo
984 3951 1008 3999 R
1017 3953 1048 4008 V,
1060 3951 1090 3999 sd
1101 3951 1275 4000 retardationem
1287 3949 1430 4010 primianus
1440 3951 1464 3997 ii
1475 3950 1494 3997 A
1503 3965 1556 4014 qun
1563 3950 1607 3998 erit'

325 4019 365 4068 iile
375 4019 498 4066 descensus
509 4029 623 4080 nequest
634 4023 722 4075 puncto
732 4027 841 4075 supremo
859 4015 888 4068 R,
906 4027 947 4060 ne.

325 4099 371 4146 quc
387 4099 416 4130 cx
427 4079 506 4129 infimo
519 4079 543 4126 V
553 4079 666 4126 orrddurr
687 4091 743 4124 num
759 4081 819 4125 cum'
831 4078 906 4140 major
920 4077 952 4125 sit
976 4111 1005 4176 E

326 4147 397 4195 medii
407 4145 530 4193 retardatio
539 4143 564 4190 in
574 4157 631 4220 prou
645 4142 728 4204 majori
738 4155 810 4203 qum
820 4141 846 4187 in
855 4139 948 4194 minori.

325 4209 655 4334 mmmm
664 4219 759 4330 ut:
768 4203 982 4352 mm,

325 4339 400 4386 tiones
410 4340 435 4385 in
446 4335 545 4399 singuiis
555 4335 661 4388 neumis,
680 4340 705 4379 et
721 4331 844 4378 mmm
853 4331 950 4379 ducen-

325 4395 990 4470 tuspchA,maj0retitqmttflputntutitus

326 4463 486 4513 recordationis
505 4464 529 4510 R
540 4463 564 4506 V
575 4469 603 4509 ut
619 4457 748 4534 remdtfio·
753 4457 831 4506 ultimi
841 4473 950 4536 utetur?

328 4529 351 4574 A
363 4531 392 4582 V,
403 4529 480 4574 minor
492 4525 523 4571 eri
561 4540 591 4571 uc

388 4626 394 4638 .
927 4601 949 4632 r·

325 4654 389 4700 norit
402 4655 531 4700 Nemenos
541 4651 681 4712 punctumS
696 4649 743 4698 ule
752 4658 780 4697 ut
790 4648 913 4696 ntndfltio
923 4649 950 4696 in
1020 4625 1053 4690 V

325 4717 436 4764 descensu
449 4731 492 4778 pcr
507 4715 523 4762 S
536 4715 557 4761 A
570 4711 947 4776 sitquurtnpmtotiusrettrdu-

325 4781 394 4828 tionis
408 4781 432 4827 lt
443 4779 474 4826 V.
489 4779 589 4826 Dicetur
598 4789 665 4824 mus
678 4777 702 4825 lt
715 4780 745 4832 A,
758 4781 779 4830 i.
795 4791 863 4823 mmm
877 4777 900 4823 R
911 4777 944 4830 V,

325 4845 451 4901 thamus
461 4844 572 4906 queritur
585 4841 669 4899 SA‚x;
680 4842 773 4905 sintque
780 4839 946 4889 retardationem
