<?xml version="1.0" encoding="UTF-8"?>
<!DOCTYPE html PUBLIC "-//W3C//DTD XHTML 1.0 Transitional//EN"
    "http://www.w3.org/TR/xhtml1/DTD/xhtml1-transitional.dtd">
<html xmlns="http://www.w3.org/1999/xhtml" xml:lang="en" lang="en">
 <head>
  <title>
</title>
<meta http-equiv="Content-Type" content="text/html;charset=utf-8" />
  <meta name='ocr-system' content='tesseract 3.04.00' />
  <meta name='ocr-capabilities' content='ocr_page ocr_carea ocr_par ocr_line ocrx_word'/>
</head>
<body>
  <div class='ocr_page' id='page_1' title='image "./philosophinatur00wriggoog_0028.png"; bbox 0 0 3580 5866; ppageno 0'>
   <div class='ocr_carea' id='block_1_1' title="bbox 698 495 1452 564">
    <p class='ocr_par' dir='ltr' id='par_1_1' title="bbox 698 495 1452 564">
     <span class='ocr_line' id='line_1_1' title="bbox 698 495 1452 564; baseline 0.003 -2"><span class='ocrx_word' id='word_1_1' title='bbox 698 495 958 562; x_wconf 82' lang='lat' dir='ltr'><strong>PRAEFATIO.</strong></span> <span class='ocrx_word' id='word_1_2' title='bbox 1336 533 1341 545; x_wconf 53' lang='grc' dir='ltr'><em>ι</em></span> <span class='ocrx_word' id='word_1_3' title='bbox 1372 499 1452 564; x_wconf 86' lang='lat' dir='ltr'><strong>xxiii</strong></span> 
     </span>
    </p>
   </div>
   <div class='ocr_carea' id='block_1_2' title="bbox 150 669 1459 4810">
    <p class='ocr_par' dir='ltr' id='par_1_2' title="bbox 150 669 1451 962">
     <span class='ocr_line' id='line_1_2' title="bbox 150 669 1450 758; baseline -0.006 -12"><span class='ocrx_word' id='word_1_4' title='bbox 150 693 220 746; x_wconf 85' lang='lat' dir='ltr'><strong>tem</strong></span> <span class='ocrx_word' id='word_1_5' title='bbox 227 675 305 742; x_wconf 72' lang='lat' dir='ltr'><strong>hauc</strong></span> <span class='ocrx_word' id='word_1_6' title='bbox 319 672 475 740; x_wconf 81' lang='lat' dir='ltr'><strong>fabulam</strong></span> <span class='ocrx_word' id='word_1_7' title='bbox 489 671 690 758; x_wconf 86' lang='lat' dir='ltr'><strong>rejiciendam</strong></span> <span class='ocrx_word' id='word_1_8' title='bbox 699 693 766 738; x_wconf 81' lang='lat' dir='ltr'><strong>esse</strong></span> <span class='ocrx_word' id='word_1_9' title='bbox 776 683 874 756; x_wconf 87' lang='lat' dir='ltr'><strong>putet,</strong></span> <span class='ocrx_word' id='word_1_10' title='bbox 890 669 974 736; x_wconf 90' lang='lat' dir='ltr'><strong>idem</strong></span> <span class='ocrx_word' id='word_1_11' title='bbox 988 681 1021 734; x_wconf 91' lang='lat' dir='ltr'><strong>et</strong></span> <span class='ocrx_word' id='word_1_12' title='bbox 1030 670 1159 736; x_wconf 86' lang='lat' dir='ltr'><strong>ulteram</strong></span> <span class='ocrx_word' id='word_1_13' title='bbox 1169 669 1306 736; x_wconf 73' lang='lat' dir='ltr'><strong>fabulam</strong></span> <span class='ocrx_word' id='word_1_14' title='bbox 1316 673 1450 758; x_wconf 81' lang='lat' dir='ltr'><strong>rejiciet:</strong></span> 
     </span>
     <span class='ocr_line' id='line_1_3' title="bbox 150 777 1451 864; baseline -0.008 -12"><span class='ocrx_word' id='word_1_15' title='bbox 150 807 229 852; x_wconf 86' lang='lat' dir='ltr'><strong>nam</strong></span> <span class='ocrx_word' id='word_1_16' title='bbox 243 805 336 850; x_wconf 78' lang='lat' dir='ltr'><strong>cutm</strong></span> <span class='ocrx_word' id='word_1_17' title='bbox 350 803 423 848; x_wconf 89' lang='lat' dir='ltr'><strong>non</strong></span> <span class='ocrx_word' id='word_1_18' title='bbox 439 793 491 846; x_wconf 88' lang='lat' dir='ltr'><strong>est</strong></span> <span class='ocrx_word' id='word_1_19' title='bbox 506 801 567 846; x_wconf 92' lang='lat' dir='ltr'><strong>ovo</strong></span> <span class='ocrx_word' id='word_1_20' title='bbox 581 779 722 857; x_wconf 86' lang='lat' dir='ltr'><strong>similius,</strong></span> <span class='ocrx_word' id='word_1_21' title='bbox 745 777 839 864; x_wconf 76' lang='lat' dir='ltr'><strong>quim</strong></span> <span class='ocrx_word' id='word_1_22' title='bbox 858 777 1039 864; x_wconf 70' lang='lat' dir='ltr'><strong>hypothesis</strong></span> <span class='ocrx_word' id='word_1_23' title='bbox 1054 777 1332 862; x_wconf 79' lang='lat' dir='ltr'><strong>aunosphaerarum</strong></span> <span class='ocrx_word' id='word_1_24' title='bbox 1351 778 1451 864; x_wconf 89' lang='lat' dir='ltr'><strong>hypo-</strong></span> 
     </span>
     <span class='ocr_line' id='line_1_4' title="bbox 154 895 427 962; baseline -0.018 1"><span class='ocrx_word' id='word_1_25' title='bbox 154 897 237 962; x_wconf 82' lang='lat' dir='ltr'><strong>thesi</strong></span> <span class='ocrx_word' id='word_1_26' title='bbox 252 895 427 960; x_wconf 83' lang='lat' dir='ltr'><strong>vorticum.</strong></span> 
     </span>
    </p>

    <p class='ocr_par' dir='ltr' id='par_1_3' title="bbox 151 997 1458 2898">
     <span class='ocr_line' id='line_1_5' title="bbox 196 997 1452 1084; baseline -0.006 -14"><span class='ocrx_word' id='word_1_27' title='bbox 196 1004 323 1070; x_wconf 78' lang='lat' dir='ltr'><strong>Docuit</strong></span> <span class='ocrx_word' id='word_1_28' title='bbox 346 1001 519 1078; x_wconf 80' lang='lat' dir='ltr'><strong>Gulilaeus,</strong></span> <span class='ocrx_word' id='word_1_29' title='bbox 542 998 654 1084; x_wconf 89' lang='lat' dir='ltr'><strong>lapidis</strong></span> <span class='ocrx_word' id='word_1_30' title='bbox 673 999 803 1084; x_wconf 89' lang='lat' dir='ltr'><strong>projecti</strong></span> <span class='ocrx_word' id='word_1_31' title='bbox 825 1011 857 1064; x_wconf 89' lang='lat' dir='ltr'><strong>et</strong></span> <span class='ocrx_word' id='word_1_32' title='bbox 876 999 909 1063; x_wconf 91' lang='lat' dir='ltr'><strong>in</strong></span> <span class='ocrx_word' id='word_1_33' title='bbox 931 998 1081 1083; x_wconf 76' lang='lat' dir='ltr'><strong>parabole</strong></span> <span class='ocrx_word' id='word_1_34' title='bbox 1101 998 1177 1062; x_wconf 91' lang='lat' dir='ltr'><strong>moti</strong></span> <span class='ocrx_word' id='word_1_35' title='bbox 1199 997 1452 1062; x_wconf 86' lang='lat' dir='ltr'><strong>deflectionema</strong></span> 
     </span>
     <span class='ocr_line' id='line_1_6' title="bbox 151 1106 1452 1198; baseline -0.007 -19"><span class='ocrx_word' id='word_1_36' title='bbox 151 1135 248 1178; x_wconf 83' lang='lat' dir='ltr'><strong>cursu</strong></span> <span class='ocrx_word' id='word_1_37' title='bbox 271 1113 443 1178; x_wconf 85' lang='lat' dir='ltr'><strong>rectilineo</strong></span> <span class='ocrx_word' id='word_1_38' title='bbox 469 1111 547 1176; x_wconf 87' lang='lat' dir='ltr'><strong>oriri</strong></span> <span class='ocrx_word' id='word_1_39' title='bbox 565 1133 585 1174; x_wconf 85' lang='lat' dir='ltr'><strong>a</strong></span> <span class='ocrx_word' id='word_1_40' title='bbox 608 1109 759 1198; x_wconf 87' lang='lat' dir='ltr'><strong>gravitate</strong></span> <span class='ocrx_word' id='word_1_41' title='bbox 782 1108 893 1192; x_wconf 83' lang='lat' dir='ltr'><strong>lapidis</strong></span> <span class='ocrx_word' id='word_1_42' title='bbox 919 1108 952 1170; x_wconf 89' lang='lat' dir='ltr'><strong>in</strong></span> <span class='ocrx_word' id='word_1_43' title='bbox 976 1119 1103 1184; x_wconf 86' lang='lat' dir='ltr'><strong>terram,</strong></span> <span class='ocrx_word' id='word_1_44' title='bbox 1127 1107 1167 1172; x_wconf 91' lang='lat' dir='ltr'><strong>ab</strong></span> <span class='ocrx_word' id='word_1_45' title='bbox 1190 1106 1312 1188; x_wconf 80' lang='lat' dir='ltr'><strong>occulta</strong></span> <span class='ocrx_word' id='word_1_46' title='bbox 1335 1106 1452 1171; x_wconf 88' lang='lat' dir='ltr'><strong>scilicet</strong></span> 
     </span>
     <span class='ocr_line' id='line_1_7' title="bbox 151 1213 1449 1308; baseline -0.005 -22"><span class='ocrx_word' id='word_1_47' title='bbox 151 1221 316 1308; x_wconf 72' lang='lat' dir='ltr'><strong>qmtitate</strong></span> <span class='ocrx_word' id='word_1_48' title='bbox 354 1219 453 1284; x_wconf 76' lang='lat' dir='ltr'><strong>¹Fieri</strong></span> <span class='ocrx_word' id='word_1_49' title='bbox 467 1231 574 1283; x_wconf 84' lang='lat' dir='ltr'><strong>tamen</strong></span> <span class='ocrx_word' id='word_1_50' title='bbox 587 1227 691 1300; x_wconf 84' lang='lat' dir='ltr'><strong>potest</strong></span> <span class='ocrx_word' id='word_1_51' title='bbox 704 1226 740 1281; x_wconf 87' lang='lat' dir='ltr'><strong>ut</strong></span> <span class='ocrx_word' id='word_1_52' title='bbox 753 1215 832 1280; x_wconf 89' lang='lat' dir='ltr'><strong>alius</strong></span> <span class='ocrx_word' id='word_1_53' title='bbox 847 1215 968 1300; x_wconf 87' lang='lat' dir='ltr'><strong>aliquis,</strong></span> <span class='ocrx_word' id='word_1_54' title='bbox 991 1215 1059 1278; x_wconf 88' lang='lat' dir='ltr'><strong>nasi</strong></span> <span class='ocrx_word' id='word_1_55' title='bbox 1073 1214 1220 1279; x_wconf 77' lang='lat' dir='ltr'><strong>acutioris</strong></span> <span class='ocrx_word' id='word_1_56' title='bbox 1234 1213 1449 1300; x_wconf 88' lang='lat' dir='ltr'><strong>philosophus,</strong></span> 
     </span>
     <span class='ocr_line' id='line_1_8' title="bbox 152 1319 1452 1408; baseline -0.007 -15"><span class='ocrx_word' id='word_1_57' title='bbox 152 1349 283 1392; x_wconf 84' lang='lat' dir='ltr'><strong>causam</strong></span> <span class='ocrx_word' id='word_1_58' title='bbox 299 1326 397 1390; x_wconf 86' lang='lat' dir='ltr'><strong>eliam</strong></span> <span class='ocrx_word' id='word_1_59' title='bbox 412 1323 683 1388; x_wconf 77' lang='lat' dir='ltr'><strong>comminiscetur.</strong></span> <span class='ocrx_word' id='word_1_60' title='bbox 730 1321 843 1408; x_wconf 82' lang='lat' dir='ltr'><strong>Fingct</strong></span> <span class='ocrx_word' id='word_1_61' title='bbox 857 1320 952 1407; x_wconf 87' lang='lat' dir='ltr'><strong>igitur</strong></span> <span class='ocrx_word' id='word_1_62' title='bbox 965 1319 1018 1384; x_wconf 90' lang='lat' dir='ltr'><strong>ille</strong></span> <span class='ocrx_word' id='word_1_63' title='bbox 1031 1319 1193 1384; x_wconf 79' lang='lat' dir='ltr'><strong>materiam</strong></span> <span class='ocrx_word' id='word_1_64' title='bbox 1207 1319 1363 1404; x_wconf 89' lang='lat' dir='ltr'><strong>quandam</strong></span> <span class='ocrx_word' id='word_1_65' title='bbox 1378 1321 1452 1384; x_wconf 92' lang='lat' dir='ltr'><strong>sub-</strong></span> 
     </span>
     <span class='ocr_line' id='line_1_9' title="bbox 152 1425 1452 1521; baseline -0.008 -20"><span class='ocrx_word' id='word_1_66' title='bbox 152 1436 255 1512; x_wconf 81' lang='lat' dir='ltr'><strong>tilem,</strong></span> <span class='ocrx_word' id='word_1_67' title='bbox 280 1455 357 1521; x_wconf 80' lang='lat' dir='ltr'><strong>qute</strong></span> <span class='ocrx_word' id='word_1_68' title='bbox 378 1455 439 1498; x_wconf 88' lang='lat' dir='ltr'><strong>nec</strong></span> <span class='ocrx_word' id='word_1_69' title='bbox 461 1432 541 1508; x_wconf 77' lang='lat' dir='ltr'><strong>v&#39;au,</strong></span> <span class='ocrx_word' id='word_1_70' title='bbox 564 1449 623 1494; x_wconf 90' lang='lat' dir='ltr'><strong>nec</strong></span> <span class='ocrx_word' id='word_1_71' title='bbox 648 1440 743 1506; x_wconf 78' lang='lat' dir='ltr'><strong>tectu,</strong></span> <span class='ocrx_word' id='word_1_72' title='bbox 766 1449 868 1514; x_wconf 89' lang='lat' dir='ltr'><strong>neque</strong></span> <span class='ocrx_word' id='word_1_73' title='bbox 889 1426 956 1490; x_wconf 91' lang='lat' dir='ltr'><strong>ullo</strong></span> <span class='ocrx_word' id='word_1_74' title='bbox 978 1447 1073 1491; x_wconf 82' lang='lat' dir='ltr'><strong>sensu</strong></span> <span class='ocrx_word' id='word_1_75' title='bbox 1093 1425 1272 1510; x_wconf 88' lang='lat' dir='ltr'><strong>percipitur,</strong></span> <span class='ocrx_word' id='word_1_76' title='bbox 1289 1425 1404 1489; x_wconf 82' lang='lat' dir='ltr'><strong>versari</strong></span> <span class='ocrx_word' id='word_1_77' title='bbox 1419 1425 1452 1490; x_wconf 90' lang='lat' dir='ltr'><strong>in</strong></span> 
     </span>
     <span class='ocr_line' id='line_1_10' title="bbox 153 1535 1452 1630; baseline -0.005 -23"><span class='ocrx_word' id='word_1_78' title='bbox 153 1544 346 1630; x_wconf 69' lang='lat' dir='ltr'><strong>regionibus</strong></span> <span class='ocrx_word' id='word_1_79' title='bbox 369 1563 441 1626; x_wconf 83' lang='lat' dir='ltr'><strong>quae</strong></span> <span class='ocrx_word' id='word_1_80' title='bbox 463 1537 608 1626; x_wconf 74' lang='lat' dir='ltr'><strong>proxime</strong></span> <span class='ocrx_word' id='word_1_81' title='bbox 626 1536 811 1623; x_wconf 87' lang='lat' dir='ltr'><strong>contingvmt</strong></span> <span class='ocrx_word' id='word_1_82' title='bbox 834 1535 954 1602; x_wconf 83' lang='lat' dir='ltr'><strong>telluris</strong></span> <span class='ocrx_word' id='word_1_83' title='bbox 979 1535 1184 1620; x_wconf 84' lang='lat' dir='ltr'><strong>superficiem.</strong></span> <span class='ocrx_word' id='word_1_84' title='bbox 1230 1535 1327 1600; x_wconf 84' lang='lat' dir='ltr'><strong>Hanc</strong></span> <span class='ocrx_word' id='word_1_85' title='bbox 1348 1547 1452 1600; x_wconf 89' lang='lat' dir='ltr'><strong>autem</strong></span> 
     </span>
     <span class='ocr_line' id='line_1_11' title="bbox 160 1643 1450 1734; baseline -0.005 -18"><span class='ocrx_word' id='word_1_86' title='bbox 160 1652 339 1729; x_wconf 75' lang='lat' dir='ltr'><strong>materiam,</strong></span> <span class='ocrx_word' id='word_1_87' title='bbox 355 1651 389 1712; x_wconf 91' lang='lat' dir='ltr'><strong>in</strong></span> <span class='ocrx_word' id='word_1_88' title='bbox 403 1649 544 1714; x_wconf 84' lang='lat' dir='ltr'><strong>diversas</strong></span> <span class='ocrx_word' id='word_1_89' title='bbox 557 1647 677 1734; x_wconf 80' lang='lat' dir='ltr'><strong>pirges,</strong></span> <span class='ocrx_word' id='word_1_90' title='bbox 692 1645 786 1710; x_wconf 82' lang='lat' dir='ltr'><strong>variis</strong></span> <span class='ocrx_word' id='word_1_91' title='bbox 800 1658 832 1710; x_wconf 86' lang='lat' dir='ltr'><strong>et</strong></span> <span class='ocrx_word' id='word_1_92' title='bbox 845 1645 1030 1732; x_wconf 88' lang='lat' dir='ltr'><strong>plerumque</strong></span> <span class='ocrx_word' id='word_1_93' title='bbox 1044 1644 1206 1710; x_wconf 74' lang='lat' dir='ltr'><strong>contrariis</strong></span> <span class='ocrx_word' id='word_1_94' title='bbox 1221 1645 1356 1710; x_wconf 88' lang='lat' dir='ltr'><strong>motibus</strong></span> <span class='ocrx_word' id='word_1_95' title='bbox 1367 1643 1450 1722; x_wconf 84' lang='lat' dir='ltr'><strong>ferri,</strong></span> 
     </span>
     <span class='ocr_line' id='line_1_12' title="bbox 158 1753 1453 1843; baseline -0.004 -19"><span class='ocrx_word' id='word_1_96' title='bbox 158 1771 195 1824; x_wconf 86' lang='lat' dir='ltr'><strong>et</strong></span> <span class='ocrx_word' id='word_1_97' title='bbox 207 1760 306 1824; x_wconf 85' lang='lat' dir='ltr'><strong>lineas</strong></span> <span class='ocrx_word' id='word_1_98' title='bbox 318 1757 517 1843; x_wconf 81' lang='lat' dir='ltr'><strong>parabolicus</strong></span> <span class='ocrx_word' id='word_1_99' title='bbox 538 1755 715 1822; x_wconf 74' lang='lat' dir='ltr'><strong>describere</strong></span> <span class='ocrx_word' id='word_1_100' title='bbox 732 1753 909 1820; x_wconf 71' lang='lat' dir='ltr'><strong>oouoendet.</strong></span> <span class='ocrx_word' id='word_1_101' title='bbox 953 1755 1080 1820; x_wconf 79' lang='lat' dir='ltr'><strong>Deinde</strong></span> <span class='ocrx_word' id='word_1_102' title='bbox 1105 1776 1181 1820; x_wconf 91' lang='lat' dir='ltr'><strong>vero</strong></span> <span class='ocrx_word' id='word_1_103' title='bbox 1199 1755 1313 1839; x_wconf 89' lang='lat' dir='ltr'><strong>lapidis</strong></span> <span class='ocrx_word' id='word_1_104' title='bbox 1339 1755 1453 1819; x_wconf 86' lang='lat' dir='ltr'><strong>deflec-</strong></span> 
     </span>
     <span class='ocr_line' id='line_1_13' title="bbox 157 1863 1451 1952; baseline -0.004 -19"><span class='ocrx_word' id='word_1_105' title='bbox 157 1869 280 1933; x_wconf 87' lang='lat' dir='ltr'><strong>tionem</strong></span> <span class='ocrx_word' id='word_1_106' title='bbox 293 1865 429 1952; x_wconf 71' lang='lat' dir='ltr'><strong>pulrbrd</strong></span> <span class='ocrx_word' id='word_1_107' title='bbox 442 1865 489 1930; x_wconf 89' lang='lat' dir='ltr'><strong>sic</strong></span> <span class='ocrx_word' id='word_1_108' title='bbox 504 1863 660 1949; x_wconf 76' lang='lat' dir='ltr'><strong>expediet,</strong></span> <span class='ocrx_word' id='word_1_109' title='bbox 683 1875 716 1928; x_wconf 86' lang='lat' dir='ltr'><strong>et</strong></span> <span class='ocrx_word' id='word_1_110' title='bbox 729 1863 815 1952; x_wconf 88' lang='lat' dir='ltr'><strong>vulgi</strong></span> <span class='ocrx_word' id='word_1_111' title='bbox 828 1864 973 1949; x_wconf 86' lang='lat' dir='ltr'><strong>plausum</strong></span> <span class='ocrx_word' id='word_1_112' title='bbox 987 1865 1165 1930; x_wconf 89' lang='lat' dir='ltr'><strong>merebitur.</strong></span> <span class='ocrx_word' id='word_1_113' title='bbox 1211 1865 1319 1951; x_wconf 89' lang='lat' dir='ltr'><strong>Lapis,</strong></span> <span class='ocrx_word' id='word_1_114' title='bbox 1340 1865 1451 1950; x_wconf 90' lang='lat' dir='ltr'><strong>inquit,</strong></span> 
     </span>
     <span class='ocr_line' id='line_1_14' title="bbox 155 1969 1453 2058; baseline -0.005 -19"><span class='ocrx_word' id='word_1_115' title='bbox 155 1973 191 2038; x_wconf 91' lang='lat' dir='ltr'><strong>iu</strong></span> <span class='ocrx_word' id='word_1_116' title='bbox 213 1973 316 2038; x_wconf 88' lang='lat' dir='ltr'><strong>fluido</strong></span> <span class='ocrx_word' id='word_1_117' title='bbox 337 1972 394 2035; x_wconf 90' lang='lat' dir='ltr'><strong>illo</strong></span> <span class='ocrx_word' id='word_1_118' title='bbox 415 1969 523 2034; x_wconf 83' lang='lat' dir='ltr'><strong>subtili</strong></span> <span class='ocrx_word' id='word_1_119' title='bbox 542 1980 639 2047; x_wconf 82' lang='lat' dir='ltr'><strong>natat,</strong></span> <span class='ocrx_word' id='word_1_120' title='bbox 662 1981 695 2033; x_wconf 87' lang='lat' dir='ltr'><strong>et</strong></span> <span class='ocrx_word' id='word_1_121' title='bbox 713 1969 818 2034; x_wconf 87' lang='lat' dir='ltr'><strong>cursui</strong></span> <span class='ocrx_word' id='word_1_122' title='bbox 843 1971 910 2054; x_wconf 86' lang='lat' dir='ltr'><strong>ejus</strong></span> <span class='ocrx_word' id='word_1_123' title='bbox 935 1971 1147 2058; x_wconf 89' lang='lat' dir='ltr'><strong>obsequendo,</strong></span> <span class='ocrx_word' id='word_1_124' title='bbox 1170 1991 1236 2036; x_wconf 89' lang='lat' dir='ltr'><strong>non</strong></span> <span class='ocrx_word' id='word_1_125' title='bbox 1258 1983 1364 2056; x_wconf 78' lang='lat' dir='ltr'><strong>potest</strong></span> <span class='ocrx_word' id='word_1_126' title='bbox 1388 1991 1453 2033; x_wconf 92' lang='lat' dir='ltr'><strong>non</strong></span> 
     </span>
     <span class='ocr_line' id='line_1_15' title="bbox 157 2059 1458 2165; baseline -0.002 -19"><span class='ocrx_word' id='word_1_127' title='bbox 157 2081 295 2146; x_wconf 64' lang='lat' dir='ltr'><strong>mecm</strong></span> <span class='ocrx_word' id='word_1_128' title='bbox 308 2077 373 2144; x_wconf 75' lang='lat' dir='ltr'><strong>uns</strong></span> <span class='ocrx_word' id='word_1_129' title='bbox 386 2079 531 2143; x_wconf 70' lang='lat' dir='ltr'><strong>semem</strong></span> <span class='ocrx_word' id='word_1_130' title='bbox 544 2059 732 2142; x_wconf 63' lang='lat' dir='ltr'><strong>recanere.</strong></span> <span class='ocrx_word' id='word_1_131' title='bbox 779 2065 926 2142; x_wconf 62' lang='lat' dir='ltr'><strong>norunt</strong></span> <span class='ocrx_word' id='word_1_132' title='bbox 947 2078 1023 2142; x_wconf 64' lang='lat' dir='ltr'><strong>vers</strong></span> <span class='ocrx_word' id='word_1_133' title='bbox 1044 2089 1188 2146; x_wconf 63' lang='lat' dir='ltr'><strong>movsen</strong></span> <span class='ocrx_word' id='word_1_134' title='bbox 1201 2081 1235 2144; x_wconf 78' lang='lat' dir='ltr'><strong>n</strong></span> <span class='ocrx_word' id='word_1_135' title='bbox 1257 2081 1347 2146; x_wconf 70' lang='lat' dir='ltr'><strong>rnen</strong></span> <span class='ocrx_word' id='word_1_136' title='bbox 1361 2072 1458 2165; x_wconf 59' lang='lat' dir='ltr'><strong>parc</strong></span> 
     </span>
     <span class='ocr_line' id='line_1_16' title="bbox 158 2182 1454 2274; baseline -0.006 -18"><span class='ocrx_word' id='word_1_137' title='bbox 158 2189 293 2265; x_wconf 84' lang='lat' dir='ltr'><strong>bolicis;</strong></span> <span class='ocrx_word' id='word_1_138' title='bbox 314 2209 393 2274; x_wconf 84' lang='lat' dir='ltr'><strong>ergo</strong></span> <span class='ocrx_word' id='word_1_139' title='bbox 407 2185 546 2272; x_wconf 84' lang='lat' dir='ltr'><strong>lapidem</strong></span> <span class='ocrx_word' id='word_1_140' title='bbox 566 2184 600 2248; x_wconf 90' lang='lat' dir='ltr'><strong>in</strong></span> <span class='ocrx_word' id='word_1_141' title='bbox 622 2182 773 2267; x_wconf 85' lang='lat' dir='ltr'><strong>parabole</strong></span> <span class='ocrx_word' id='word_1_142' title='bbox 791 2185 911 2248; x_wconf 87' lang='lat' dir='ltr'><strong>moveri</strong></span> <span class='ocrx_word' id='word_1_143' title='bbox 932 2207 1060 2250; x_wconf 88' lang='lat' dir='ltr'><strong>necesse</strong></span> <span class='ocrx_word' id='word_1_144' title='bbox 1085 2198 1142 2251; x_wconf 73' lang='lat' dir='ltr'><strong>est.</strong></span> <span class='ocrx_word' id='word_1_145' title='bbox 1187 2185 1268 2263; x_wconf 87' lang='lat' dir='ltr'><strong>Quis</strong></span> <span class='ocrx_word' id='word_1_146' title='bbox 1290 2207 1374 2249; x_wconf 91' lang='lat' dir='ltr'><strong>nunc</strong></span> <span class='ocrx_word' id='word_1_147' title='bbox 1388 2203 1454 2249; x_wconf 89' lang='lat' dir='ltr'><strong>non</strong></span> 
     </span>
     <span class='ocr_line' id='line_1_17' title="bbox 157 2288 1452 2376; baseline -0.004 -15"><span class='ocrx_word' id='word_1_148' title='bbox 157 2295 330 2361; x_wconf 87' lang='lat' dir='ltr'><strong>mirabitur</strong></span> <span class='ocrx_word' id='word_1_149' title='bbox 341 2291 558 2358; x_wconf 85' lang='lat' dir='ltr'><strong>acutissimum</strong></span> <span class='ocrx_word' id='word_1_150' title='bbox 569 2289 701 2374; x_wconf 89' lang='lat' dir='ltr'><strong>hujusce</strong></span> <span class='ocrx_word' id='word_1_151' title='bbox 714 2288 894 2374; x_wconf 86' lang='lat' dir='ltr'><strong>philosophi</strong></span> <span class='ocrx_word' id='word_1_152' title='bbox 904 2291 1077 2376; x_wconf 76' lang='lat' dir='ltr'><strong>ingenium,</strong></span> <span class='ocrx_word' id='word_1_153' title='bbox 1089 2313 1130 2356; x_wconf 81' lang='lat' dir='ltr'><strong>ex</strong></span> <span class='ocrx_word' id='word_1_154' title='bbox 1145 2292 1245 2356; x_wconf 79' lang='lat' dir='ltr'><strong>curuis</strong></span> <span class='ocrx_word' id='word_1_155' title='bbox 1253 2292 1452 2369; x_wconf 72' lang='lat' dir='ltr'><strong>mechanicis,</strong></span> 
     </span>
     <span class='ocr_line' id='line_1_18' title="bbox 161 2395 1454 2482; baseline -0.003 -16"><span class='ocrx_word' id='word_1_156' title='bbox 161 2399 299 2466; x_wconf 75' lang='lat' dir='ltr'><strong>materis</strong></span> <span class='ocrx_word' id='word_1_157' title='bbox 315 2399 433 2464; x_wconf 79' lang='lat' dir='ltr'><strong>seilicet</strong></span> <span class='ocrx_word' id='word_1_158' title='bbox 445 2410 478 2462; x_wconf 88' lang='lat' dir='ltr'><strong>et</strong></span> <span class='ocrx_word' id='word_1_159' title='bbox 490 2407 590 2474; x_wconf 90' lang='lat' dir='ltr'><strong>motu,</strong></span> <span class='ocrx_word' id='word_1_160' title='bbox 612 2395 822 2480; x_wconf 76' lang='lat' dir='ltr'><strong>pboenomena</strong></span> <span class='ocrx_word' id='word_1_161' title='bbox 834 2407 955 2459; x_wconf 82' lang='lat' dir='ltr'><strong>neturae</strong></span> <span class='ocrx_word' id='word_1_162' title='bbox 969 2397 1010 2460; x_wconf 87' lang='lat' dir='ltr'><strong>ad</strong></span> <span class='ocrx_word' id='word_1_163' title='bbox 1024 2397 1110 2482; x_wconf 89' lang='lat' dir='ltr'><strong>vulgi</strong></span> <span class='ocrx_word' id='word_1_164' title='bbox 1124 2400 1217 2462; x_wconf 87' lang='lat' dir='ltr'><strong>etiam</strong></span> <span class='ocrx_word' id='word_1_165' title='bbox 1232 2413 1358 2480; x_wconf 83' lang='lat' dir='ltr'><strong>captum</strong></span> <span class='ocrx_word' id='word_1_166' title='bbox 1371 2421 1454 2482; x_wconf 83' lang='lat' dir='ltr'><strong>proe-</strong></span> 
     </span>
     <span class='ocr_line' id='line_1_19' title="bbox 165 2501 1452 2582; baseline -0.007 -7"><span class='ocrx_word' id='word_1_167' title='bbox 165 2508 257 2576; x_wconf 72' lang='lat' dir='ltr'><strong>clud</strong></span> <span class='ocrx_word' id='word_1_168' title='bbox 271 2503 472 2572; x_wconf 67' lang='lat' dir='ltr'><strong>defluente?</strong></span> <span class='ocrx_word' id='word_1_169' title='bbox 495 2504 578 2582; x_wconf 85' lang='lat' dir='ltr'><strong>Quis</strong></span> <span class='ocrx_word' id='word_1_170' title='bbox 596 2501 671 2568; x_wconf 78' lang='lat' dir='ltr'><strong>verb</strong></span> <span class='ocrx_word' id='word_1_171' title='bbox 696 2523 762 2566; x_wconf 89' lang='lat' dir='ltr'><strong>non</strong></span> <span class='ocrx_word' id='word_1_172' title='bbox 787 2501 991 2576; x_wconf 70' lang='lat' dir='ltr'><strong>subsaurmbit</strong></span> <span class='ocrx_word' id='word_1_173' title='bbox 1014 2501 1132 2564; x_wconf 74' lang='lat' dir='ltr'><strong>boumn</strong></span> <span class='ocrx_word' id='word_1_174' title='bbox 1158 2501 1246 2564; x_wconf 88' lang='lat' dir='ltr'><strong>illum</strong></span> <span class='ocrx_word' id='word_1_175' title='bbox 1273 2503 1452 2581; x_wconf 85' lang='lat' dir='ltr'><strong>Galilaeum,</strong></span> 
     </span>
     <span class='ocr_line' id='line_1_20' title="bbox 169 2607 1453 2704; baseline -0.002 -27.009"><span class='ocrx_word' id='word_1_176' title='bbox 169 2617 227 2704; x_wconf 82' lang='lat' dir='ltr'><strong>qui</strong></span> <span class='ocrx_word' id='word_1_177' title='bbox 241 2635 359 2702; x_wconf 86' lang='lat' dir='ltr'><strong>magno</strong></span> <span class='ocrx_word' id='word_1_178' title='bbox 381 2612 545 2676; x_wconf 80' lang='lat' dir='ltr'><strong>molimine</strong></span> <span class='ocrx_word' id='word_1_179' title='bbox 553 2609 773 2694; x_wconf 72' lang='lat' dir='ltr'><strong>mathematico</strong></span> <span class='ocrx_word' id='word_1_180' title='bbox 790 2607 953 2694; x_wconf 74' lang='lat' dir='ltr'><strong>qualitates</strong></span> <span class='ocrx_word' id='word_1_181' title='bbox 973 2607 1120 2686; x_wconf 78' lang='lat' dir='ltr'><strong>occultas,</strong></span> <span class='ocrx_word' id='word_1_182' title='bbox 1136 2608 1366 2694; x_wconf 83' lang='lat' dir='ltr'><strong>ephilosophio</strong></span> <span class='ocrx_word' id='word_1_183' title='bbox 1386 2610 1453 2675; x_wconf 84' lang='lat' dir='ltr'><strong>feli·</strong></span> 
     </span>
     <span class='ocr_line' id='line_1_21' title="bbox 161 2713 1454 2804; baseline -0.002 -18"><span class='ocrx_word' id='word_1_184' title='bbox 161 2723 243 2796; x_wconf 78' lang='lat' dir='ltr'><strong>citer</strong></span> <span class='ocrx_word' id='word_1_185' title='bbox 273 2719 429 2798; x_wconf 80' lang='lat' dir='ltr'><strong>exclusas,</strong></span> <span class='ocrx_word' id='word_1_186' title='bbox 453 2715 560 2786; x_wconf 84' lang='lat' dir='ltr'><strong>deuud</strong></span> <span class='ocrx_word' id='word_1_187' title='bbox 589 2738 736 2785; x_wconf 85' lang='lat' dir='ltr'><strong>revocare</strong></span> <span class='ocrx_word' id='word_1_188' title='bbox 759 2713 962 2782; x_wconf 78' lang='lat' dir='ltr'><strong>sustinuerit?</strong></span> <span class='ocrx_word' id='word_1_189' title='bbox 999 2713 1063 2780; x_wconf 86' lang='lat' dir='ltr'><strong>Sed</strong></span> <span class='ocrx_word' id='word_1_190' title='bbox 1091 2713 1189 2798; x_wconf 89' lang='lat' dir='ltr'><strong>pudet</strong></span> <span class='ocrx_word' id='word_1_191' title='bbox 1217 2715 1309 2804; x_wconf 87' lang='lat' dir='ltr'><strong>nugis</strong></span> <span class='ocrx_word' id='word_1_192' title='bbox 1338 2715 1454 2784; x_wconf 81' lang='lat' dir='ltr'><strong>diutivis</strong></span> 
     </span>
     <span class='ocr_line' id='line_1_22' title="bbox 162 2829 1303 2898; baseline -0.001 -4"><span class='ocrx_word' id='word_1_193' title='bbox 162 2829 338 2898; x_wconf 82' lang='lat' dir='ltr'><strong>immorari.</strong></span> <span class='ocrx_word' id='word_1_194' title='bbox 682 2835 684 2842; x_wconf 82' lang='grc'><em>’</em></span> <span class='ocrx_word' id='word_1_195' title='bbox 1302 2835 1303 2848; x_wconf 74' lang='grc'>’</span> 
     </span>
    </p>

    <p class='ocr_par' dir='ltr' id='par_1_4' title="bbox 156 2929 1459 3880">
     <span class='ocr_line' id='line_1_23' title="bbox 185 2929 1454 3024; baseline 0.001 -20"><span class='ocrx_word' id='word_1_196' title='bbox 185 2929 191 2937; x_wconf 79' lang='grc'><strong>’</strong></span> <span class='ocrx_word' id='word_1_197' title='bbox 208 2939 343 3004; x_wconf 78' lang='lat' dir='ltr'><strong>Summa·</strong></span> <span class='ocrx_word' id='word_1_198' title='bbox 355 2938 403 3004; x_wconf 88' lang='lat' dir='ltr'><strong>rei</strong></span> <span class='ocrx_word' id='word_1_199' title='bbox 420 2938 484 3004; x_wconf 87' lang='lat' dir='ltr'><strong>huc</strong></span> <span class='ocrx_word' id='word_1_200' title='bbox 498 2937 625 3004; x_wconf 86' lang='lat' dir='ltr'><strong>tandem</strong></span> <span class='ocrx_word' id='word_1_201' title='bbox 642 2937 742 3004; x_wconf 87' lang='lat' dir='ltr'><strong>redit:</strong></span> <span class='ocrx_word' id='word_1_202' title='bbox 764 2947 959 3002; x_wconf 79' lang='lat' dir='ltr'><strong>cometarum</strong></span> <span class='ocrx_word' id='word_1_203' title='bbox 971 2938 1082 3024; x_wconf 84' lang='lat' dir='ltr'><strong>ingens</strong></span> <span class='ocrx_word' id='word_1_204' title='bbox 1097 2949 1145 3002; x_wconf 86' lang='lat' dir='ltr'><strong>est</strong></span> <span class='ocrx_word' id='word_1_205' title='bbox 1162 2957 1310 3002; x_wconf 88' lang='lat' dir='ltr'><strong>numerus</strong></span> <span class='ocrx_word' id='word_1_206' title='bbox 1318 2961 1329 3014; x_wconf 84' lang='lat'>3</span> <span class='ocrx_word' id='word_1_207' title='bbox 1350 2949 1454 3005; x_wconf 87' lang='lat' dir='ltr'><strong>motus</strong></span> 
     </span>
     <span class='ocr_line' id='line_1_24' title="bbox 161 3042 1453 3132; baseline -0.001 -22"><span class='ocrx_word' id='word_1_208' title='bbox 161 3065 277 3110; x_wconf 87' lang='lat' dir='ltr'><strong>eorum</strong></span> <span class='ocrx_word' id='word_1_209' title='bbox 290 3057 365 3113; x_wconf 84' lang='lat' dir='ltr'><strong>sunt</strong></span> <span class='ocrx_word' id='word_1_210' title='bbox 386 3043 507 3110; x_wconf 73' lang='lat' dir='ltr'><strong>summe</strong></span> <span class='ocrx_word' id='word_1_211' title='bbox 521 3044 692 3132; x_wconf 75' lang='lat' dir='ltr'><strong>regulares,</strong></span> <span class='ocrx_word' id='word_1_212' title='bbox 715 3056 747 3108; x_wconf 91' lang='lat' dir='ltr'><strong>et</strong></span> <span class='ocrx_word' id='word_1_213' title='bbox 768 3042 897 3108; x_wconf 81' lang='lat' dir='ltr'><strong>easdem</strong></span> <span class='ocrx_word' id='word_1_214' title='bbox 913 3042 1000 3130; x_wconf 88' lang='lat' dir='ltr'><strong>leges</strong></span> <span class='ocrx_word' id='word_1_215' title='bbox 1014 3065 1085 3108; x_wconf 86' lang='lat' dir='ltr'><strong>cum</strong></span> <span class='ocrx_word' id='word_1_216' title='bbox 1104 3042 1301 3128; x_wconf 77' lang='lat' dir='ltr'><strong>planetarum</strong></span> <span class='ocrx_word' id='word_1_217' title='bbox 1317 3045 1453 3110; x_wconf 86' lang='lat' dir='ltr'><strong>mutibus</strong></span> 
     </span>
     <span class='ocr_line' id='line_1_25' title="bbox 163 3149 1459 3230; baseline 0 -12"><span class='ocrx_word' id='word_1_218' title='bbox 163 3153 344 3218; x_wconf 71' lang='lat' dir='ltr'><strong>obamvant.</strong></span> <span class='ocrx_word' id='word_1_219' title='bbox 388 3153 560 3218; x_wconf 83' lang='lat' dir='ltr'><strong>Moventur</strong></span> <span class='ocrx_word' id='word_1_220' title='bbox 574 3152 608 3216; x_wconf 87' lang='lat' dir='ltr'><strong>in</strong></span> <span class='ocrx_word' id='word_1_221' title='bbox 627 3151 755 3217; x_wconf 87' lang='lat' dir='ltr'><strong>orbibus</strong></span> <span class='ocrx_word' id='word_1_222' title='bbox 769 3151 896 3230; x_wconf 79' lang='lat' dir='ltr'><strong>corticis,</strong></span> <span class='ocrx_word' id='word_1_223' title='bbox 919 3149 953 3214; x_wconf 90' lang='lat' dir='ltr'><strong>bi</strong></span> <span class='ocrx_word' id='word_1_224' title='bbox 965 3151 1057 3216; x_wconf 87' lang='lat' dir='ltr'><strong>orbes</strong></span> <span class='ocrx_word' id='word_1_225' title='bbox 1083 3164 1157 3216; x_wconf 84' lang='lat' dir='ltr'><strong>sunt</strong></span> <span class='ocrx_word' id='word_1_226' title='bbox 1170 3151 1261 3216; x_wconf 71' lang='lat' dir='ltr'><strong>valde</strong></span> <span class='ocrx_word' id='word_1_227' title='bbox 1284 3152 1459 3219; x_wconf 87' lang='lat' dir='ltr'><strong>admodum</strong></span> 
     </span>
     <span class='ocr_line' id='line_1_26' title="bbox 164 3257 1454 3344; baseline 0.001 -20"><span class='ocrx_word' id='word_1_228' title='bbox 164 3258 347 3324; x_wconf 77' lang='lat' dir='ltr'><strong>eccentric&#39;a</strong></span> <span class='ocrx_word' id='word_1_229' title='bbox 390 3259 544 3324; x_wconf 79' lang='lat' dir='ltr'><strong>Feruntur</strong></span> <span class='ocrx_word' id='word_1_230' title='bbox 557 3258 697 3344; x_wconf 89' lang='lat' dir='ltr'><strong>undique</strong></span> <span class='ocrx_word' id='word_1_231' title='bbox 720 3258 755 3322; x_wconf 89' lang='lat' dir='ltr'><strong>in</strong></span> <span class='ocrx_word' id='word_1_232' title='bbox 772 3279 880 3324; x_wconf 82' lang='lat' dir='ltr'><strong>omnes</strong></span> <span class='ocrx_word' id='word_1_233' title='bbox 898 3257 1049 3324; x_wconf 73' lang='lat' dir='ltr'><strong>culorum</strong></span> <span class='ocrx_word' id='word_1_234' title='bbox 1067 3269 1181 3342; x_wconf 85' lang='lat' dir='ltr'><strong>partes,</strong></span> <span class='ocrx_word' id='word_1_235' title='bbox 1205 3272 1237 3323; x_wconf 92' lang='lat' dir='ltr'><strong>et</strong></span> <span class='ocrx_word' id='word_1_236' title='bbox 1258 3259 1454 3344; x_wconf 74' lang='lat' dir='ltr'><strong>planetarum</strong></span> 
     </span>
     <span class='ocr_line' id='line_1_27' title="bbox 161 3363 1454 3454; baseline 0.002 -24"><span class='ocrx_word' id='word_1_237' title='bbox 161 3367 314 3454; x_wconf 77' lang='lat' dir='ltr'><strong>regiones</strong></span> <span class='ocrx_word' id='word_1_238' title='bbox 324 3365 478 3432; x_wconf 71' lang='lat' dir='ltr'><strong>liberrime</strong></span> <span class='ocrx_word' id='word_1_239' title='bbox 492 3375 722 3452; x_wconf 78' lang='lat' dir='ltr'><strong>pertranseunt,</strong></span> <span class='ocrx_word' id='word_1_240' title='bbox 745 3376 778 3430; x_wconf 91' lang='lat' dir='ltr'><strong>et</strong></span> <span class='ocrx_word' id='word_1_241' title='bbox 792 3364 875 3452; x_wconf 69' lang='lat' dir='ltr'><strong>stupe</strong></span> <span class='ocrx_word' id='word_1_242' title='bbox 898 3363 1008 3430; x_wconf 78' lang='lat' dir='ltr'><strong>cunuti</strong></span> <span class='ocrx_word' id='word_1_243' title='bbox 1030 3365 1190 3452; x_wconf 89' lang='lat' dir='ltr'><strong>signorum</strong></span> <span class='ocrx_word' id='word_1_244' title='bbox 1206 3363 1347 3430; x_wconf 90' lang='lat' dir='ltr'><strong>ordinem</strong></span> <span class='ocrx_word' id='word_1_245' title='bbox 1370 3368 1454 3433; x_wconf 86' lang='lat' dir='ltr'><strong>inoe-</strong></span> 
     </span>
     <span class='ocr_line' id='line_1_28' title="bbox 159 3469 1455 3558; baseline -0.002 -19"><span class='ocrx_word' id='word_1_246' title='bbox 159 3473 254 3540; x_wconf 87' lang='lat' dir='ltr'><strong>duut.</strong></span> <span class='ocrx_word' id='word_1_247' title='bbox 301 3473 386 3538; x_wconf 85' lang='lat' dir='ltr'><strong>Haec</strong></span> <span class='ocrx_word' id='word_1_248' title='bbox 399 3471 608 3558; x_wconf 82' lang='lat' dir='ltr'><strong>phoenomens</strong></span> <span class='ocrx_word' id='word_1_249' title='bbox 622 3469 792 3543; x_wconf 69' lang='lat' dir='ltr'><strong>certissimi</strong></span> <span class='ocrx_word' id='word_1_250' title='bbox 813 3471 1038 3538; x_wconf 78' lang='lat' dir='ltr'><strong>confirmantur</strong></span> <span class='ocrx_word' id='word_1_251' title='bbox 1059 3493 1099 3534; x_wconf 86' lang='lat' dir='ltr'><strong>ex</strong></span> <span class='ocrx_word' id='word_1_252' title='bbox 1117 3471 1383 3538; x_wconf 88' lang='lat' dir='ltr'><strong>observationibus</strong></span> <span class='ocrx_word' id='word_1_253' title='bbox 1406 3497 1455 3541; x_wconf 88' lang='lat' dir='ltr'><strong>as-</strong></span> 
     </span>
     <span class='ocr_line' id='line_1_29' title="bbox 158 3575 1454 3664; baseline 0 -19"><span class='ocrx_word' id='word_1_254' title='bbox 158 3579 366 3646; x_wconf 82' lang='lat' dir='ltr'><strong>tronomicis:</strong></span> <span class='ocrx_word' id='word_1_255' title='bbox 389 3591 421 3644; x_wconf 87' lang='lat' dir='ltr'><strong>et</strong></span> <span class='ocrx_word' id='word_1_256' title='bbox 433 3601 492 3662; x_wconf 82' lang='lat' dir='ltr'><strong>per</strong></span> <span class='ocrx_word' id='word_1_257' title='bbox 506 3579 638 3644; x_wconf 83' lang='lat' dir='ltr'><strong>vortices</strong></span> <span class='ocrx_word' id='word_1_258' title='bbox 653 3588 811 3664; x_wconf 82' lang='lat' dir='ltr'><strong>nequeunt</strong></span> <span class='ocrx_word' id='word_1_259' title='bbox 825 3577 983 3660; x_wconf 85' lang='lat' dir='ltr'><strong>explicari.</strong></span> <span class='ocrx_word' id='word_1_260' title='bbox 1008 3575 1089 3654; x_wconf 75' lang='lat' dir='ltr'><strong>lot,</strong></span> <span class='ocrx_word' id='word_1_261' title='bbox 1099 3576 1278 3662; x_wconf 88' lang='lat' dir='ltr'><strong>nequidem</strong></span> <span class='ocrx_word' id='word_1_262' title='bbox 1293 3599 1366 3643; x_wconf 90' lang='lat' dir='ltr'><strong>cum</strong></span> <span class='ocrx_word' id='word_1_263' title='bbox 1381 3603 1454 3646; x_wconf 90' lang='lat' dir='ltr'><strong>vor·</strong></span> 
     </span>
     <span class='ocr_line' id='line_1_30' title="bbox 158 3682 1454 3772; baseline -0.001 -18"><span class='ocrx_word' id='word_1_264' title='bbox 158 3685 278 3754; x_wconf 89' lang='lat' dir='ltr'><strong>ticibus</strong></span> <span class='ocrx_word' id='word_1_265' title='bbox 292 3686 491 3772; x_wconf 81' lang='lat' dir='ltr'><strong>planetarum</strong></span> <span class='ocrx_word' id='word_1_266' title='bbox 505 3685 674 3750; x_wconf 85' lang='lat' dir='ltr'><strong>consistere</strong></span> <span class='ocrx_word' id='word_1_267' title='bbox 687 3695 830 3770; x_wconf 82' lang='lat' dir='ltr'><strong>possunt.</strong></span> <span class='ocrx_word' id='word_1_268' title='bbox 862 3683 1065 3748; x_wconf 84' lang='lat' dir='ltr'><strong>Cometarum</strong></span> <span class='ocrx_word' id='word_1_269' title='bbox 1076 3682 1213 3749; x_wconf 90' lang='lat' dir='ltr'><strong>motibus</strong></span> <span class='ocrx_word' id='word_1_270' title='bbox 1223 3687 1352 3753; x_wconf 81' lang='lat' dir='ltr'><strong>omninb</strong></span> <span class='ocrx_word' id='word_1_271' title='bbox 1367 3689 1454 3758; x_wconf 84' lang='lat' dir='ltr'><strong>locus</strong></span> 
     </span>
     <span class='ocr_line' id='line_1_31' title="bbox 156 3791 1226 3880; baseline -0.002 -18"><span class='ocrx_word' id='word_1_272' title='bbox 156 3817 231 3862; x_wconf 88' lang='lat' dir='ltr'><strong>non</strong></span> <span class='ocrx_word' id='word_1_273' title='bbox 245 3795 323 3871; x_wconf 82' lang='lat' dir='ltr'><strong>erit3</strong></span> <span class='ocrx_word' id='word_1_274' title='bbox 348 3794 413 3860; x_wconf 87' lang='lat' dir='ltr'><strong>nisi</strong></span> <span class='ocrx_word' id='word_1_275' title='bbox 427 3793 559 3858; x_wconf 78' lang='lat' dir='ltr'><strong>materia</strong></span> <span class='ocrx_word' id='word_1_276' title='bbox 572 3793 627 3858; x_wconf 89' lang='lat' dir='ltr'><strong>illa</strong></span> <span class='ocrx_word' id='word_1_277' title='bbox 642 3792 750 3858; x_wconf 86' lang='lat' dir='ltr'><strong>fictitia</strong></span> <span class='ocrx_word' id='word_1_278' title='bbox 764 3792 888 3880; x_wconf 83' lang='lat' dir='ltr'><strong>penitus</strong></span> <span class='ocrx_word' id='word_1_279' title='bbox 903 3815 922 3858; x_wconf 89' lang='lat' dir='ltr'><strong>e</strong></span> <span class='ocrx_word' id='word_1_280' title='bbox 936 3791 1022 3858; x_wconf 84' lang='lat' dir='ltr'><strong>coelis</strong></span> <span class='ocrx_word' id='word_1_281' title='bbox 1037 3807 1226 3860; x_wconf 86' lang='lat' dir='ltr'><strong>amoveatur.</strong></span> 
     </span>
    </p>

    <p class='ocr_par' dir='ltr' id='par_1_5' title="bbox 155 3896 1457 4740">
     <span class='ocr_line' id='line_1_32' title="bbox 209 3896 1454 3986; baseline 0.004 -20"><span class='ocrx_word' id='word_1_282' title='bbox 209 3902 245 3968; x_wconf 90' lang='lat' dir='ltr'><strong>Si</strong></span> <span class='ocrx_word' id='word_1_283' title='bbox 274 3901 359 3966; x_wconf 89' lang='lat' dir='ltr'><strong>enim</strong></span> <span class='ocrx_word' id='word_1_284' title='bbox 383 3899 519 3986; x_wconf 80' lang='lat' dir='ltr'><strong>planetae</strong></span> <span class='ocrx_word' id='word_1_285' title='bbox 544 3896 663 3964; x_wconf 83' lang='lat' dir='ltr'><strong>circrim</strong></span> <span class='ocrx_word' id='word_1_286' title='bbox 684 3900 783 3966; x_wconf 86' lang='lat' dir='ltr'><strong>sulem</strong></span> <span class='ocrx_word' id='word_1_287' title='bbox 812 3921 831 3964; x_wconf 88' lang='lat' dir='ltr'><strong>a</strong></span> <span class='ocrx_word' id='word_1_288' title='bbox 858 3898 1027 3964; x_wconf 81' lang='lat' dir='ltr'><strong>vorticibus</strong></span> <span class='ocrx_word' id='word_1_289' title='bbox 1047 3899 1272 3982; x_wconf 85' lang='lat' dir='ltr'><strong>devehuntur3</strong></span> <span class='ocrx_word' id='word_1_290' title='bbox 1302 3908 1454 3974; x_wconf 88' lang='lat' dir='ltr'><strong>vorticum</strong></span> 
     </span>
     <span class='ocr_line' id='line_1_33' title="bbox 155 4003 1456 4099; baseline 0.01 -34"><span class='ocrx_word' id='word_1_291' title='bbox 155 4020 280 4096; x_wconf 74' lang='lat' dir='ltr'><strong>partes,</strong></span> <span class='ocrx_word' id='word_1_292' title='bbox 303 4028 377 4094; x_wconf 82' lang='lat' dir='ltr'><strong>quoe</strong></span> <span class='ocrx_word' id='word_1_293' title='bbox 391 4003 535 4091; x_wconf 69' lang='lat' dir='ltr'><strong>proxime</strong></span> <span class='ocrx_word' id='word_1_294' title='bbox 563 4005 706 4072; x_wconf 89' lang='lat' dir='ltr'><strong>ambiunt</strong></span> <span class='ocrx_word' id='word_1_295' title='bbox 728 4027 982 4094; x_wconf 77' lang='lat' dir='ltr'><strong>unumquemque</strong></span> <span class='ocrx_word' id='word_1_296' title='bbox 1006 4004 1174 4092; x_wconf 84' lang='lat' dir='ltr'><strong>planetam,</strong></span> <span class='ocrx_word' id='word_1_297' title='bbox 1198 4013 1337 4099; x_wconf 66' lang='lat' dir='ltr'><strong>q&#39;usdem</strong></span> <span class='ocrx_word' id='word_1_298' title='bbox 1351 4015 1456 4080; x_wconf 82' lang='lat' dir='ltr'><strong>densi·</strong></span> 
     </span>
     <span class='ocr_line' id='line_1_34' title="bbox 155 4113 1455 4207; baseline 0.007 -27"><span class='ocrx_word' id='word_1_299' title='bbox 155 4117 235 4187; x_wconf 85' lang='lat' dir='ltr'><strong>tatis</strong></span> <span class='ocrx_word' id='word_1_300' title='bbox 250 4128 346 4181; x_wconf 76' lang='lat' dir='ltr'><strong>enuit</strong></span> <span class='ocrx_word' id='word_1_301' title='bbox 370 4136 408 4178; x_wconf 87' lang='lat' dir='ltr'><strong>ac</strong></span> <span class='ocrx_word' id='word_1_302' title='bbox 429 4113 571 4200; x_wconf 88' lang='lat' dir='ltr'><strong>planeta;</strong></span> <span class='ocrx_word' id='word_1_303' title='bbox 593 4115 640 4181; x_wconf 88' lang='lat' dir='ltr'><strong>uti</strong></span> <span class='ocrx_word' id='word_1_304' title='bbox 662 4113 756 4200; x_wconf 78' lang='lat' dir='ltr'><strong>suprri</strong></span> <span class='ocrx_word' id='word_1_305' title='bbox 769 4115 887 4182; x_wconf 91' lang='lat' dir='ltr'><strong>dictum</strong></span> <span class='ocrx_word' id='word_1_306' title='bbox 909 4129 966 4181; x_wconf 83' lang='lat' dir='ltr'><strong>est</strong></span> <span class='ocrx_word' id='word_1_307' title='bbox 1011 4119 1122 4207; x_wconf 88' lang='lat' dir='ltr'><strong>Itaque</strong></span> <span class='ocrx_word' id='word_1_308' title='bbox 1135 4124 1265 4188; x_wconf 85' lang='lat' dir='ltr'><strong>materia</strong></span> <span class='ocrx_word' id='word_1_309' title='bbox 1287 4124 1341 4188; x_wconf 88' lang='lat' dir='ltr'><strong>illa</strong></span> <span class='ocrx_word' id='word_1_310' title='bbox 1354 4123 1455 4188; x_wconf 87' lang='lat' dir='ltr'><strong>omnis</strong></span> 
     </span>
     <span class='ocr_line' id='line_1_35' title="bbox 156 4221 1456 4314; baseline 0.006 -25"><span class='ocrx_word' id='word_1_311' title='bbox 156 4247 234 4314; x_wconf 82' lang='lat' dir='ltr'><strong>quae</strong></span> <span class='ocrx_word' id='word_1_312' title='bbox 248 4223 401 4310; x_wconf 83' lang='lat' dir='ltr'><strong>contigua</strong></span> <span class='ocrx_word' id='word_1_313' title='bbox 410 4233 459 4286; x_wconf 90' lang='lat' dir='ltr'><strong>est</strong></span> <span class='ocrx_word' id='word_1_314' title='bbox 472 4221 556 4286; x_wconf 82' lang='lat' dir='ltr'><strong>orbis</strong></span> <span class='ocrx_word' id='word_1_315' title='bbox 570 4221 677 4310; x_wconf 85' lang='lat' dir='ltr'><strong>magni</strong></span> <span class='ocrx_word' id='word_1_316' title='bbox 690 4223 869 4308; x_wconf 88' lang='lat' dir='ltr'><strong>perimetro,</strong></span> <span class='ocrx_word' id='word_1_317' title='bbox 891 4245 1000 4308; x_wconf 82' lang='lat' dir='ltr'><strong>parem</strong></span> <span class='ocrx_word' id='word_1_318' title='bbox 1014 4225 1142 4294; x_wconf 84' lang='lat' dir='ltr'><strong>habebit</strong></span> <span class='ocrx_word' id='word_1_319' title='bbox 1162 4251 1199 4294; x_wconf 89' lang='lat' dir='ltr'><strong>ae</strong></span> <span class='ocrx_word' id='word_1_320' title='bbox 1213 4230 1304 4294; x_wconf 87' lang='lat' dir='ltr'><strong>tellus</strong></span> <span class='ocrx_word' id='word_1_321' title='bbox 1319 4230 1456 4298; x_wconf 84' lang='lat' dir='ltr'><strong>densita-</strong></span> 
     </span>
     <span class='ocr_line' id='line_1_36' title="bbox 155 4331 1455 4428; baseline 0.004 -27"><span class='ocrx_word' id='word_1_322' title='bbox 155 4350 243 4402; x_wconf 86' lang='lat' dir='ltr'><strong>tem:</strong></span> <span class='ocrx_word' id='word_1_323' title='bbox 266 4356 341 4422; x_wconf 84' lang='lat' dir='ltr'><strong>quae</strong></span> <span class='ocrx_word' id='word_1_324' title='bbox 356 4331 434 4398; x_wconf 80' lang='lat' dir='ltr'><strong>veri&gt;</strong></span> <span class='ocrx_word' id='word_1_325' title='bbox 446 4334 531 4418; x_wconf 83' lang='lat' dir='ltr'><strong>jacet</strong></span> <span class='ocrx_word' id='word_1_326' title='bbox 555 4333 637 4398; x_wconf 72' lang='lat' dir='ltr'><strong>introi</strong></span> <span class='ocrx_word' id='word_1_327' title='bbox 650 4335 760 4399; x_wconf 88' lang='lat' dir='ltr'><strong>orbem</strong></span> <span class='ocrx_word' id='word_1_328' title='bbox 783 4356 932 4421; x_wconf 85' lang='lat' dir='ltr'><strong>magnum</strong></span> <span class='ocrx_word' id='word_1_329' title='bbox 948 4348 1041 4423; x_wconf 83' lang='lat' dir='ltr'><strong>atque</strong></span> <span class='ocrx_word' id='word_1_330' title='bbox 1058 4339 1167 4403; x_wconf 91' lang='lat' dir='ltr'><strong>orbem</strong></span> <span class='ocrx_word' id='word_1_331' title='bbox 1184 4339 1319 4417; x_wconf 88' lang='lat' dir='ltr'><strong>Saturni,</strong></span> <span class='ocrx_word' id='word_1_332' title='bbox 1335 4341 1384 4406; x_wconf 93' lang='lat' dir='ltr'><strong>vel</strong></span> <span class='ocrx_word' id='word_1_333' title='bbox 1398 4365 1455 4428; x_wconf 85' lang='lat' dir='ltr'><strong>pa·</strong></span> 
     </span>
     <span class='ocr_line' id='line_1_37' title="bbox 155 4437 1453 4531; baseline 0.002 -22"><span class='ocrx_word' id='word_1_334' title='bbox 155 4466 225 4509; x_wconf 91' lang='lat' dir='ltr'><strong>rem</strong></span> <span class='ocrx_word' id='word_1_335' title='bbox 240 4442 292 4508; x_wconf 90' lang='lat' dir='ltr'><strong>vel</strong></span> <span class='ocrx_word' id='word_1_336' title='bbox 305 4440 462 4526; x_wconf 79' lang='lat' dir='ltr'><strong>majorem</strong></span> <span class='ocrx_word' id='word_1_337' title='bbox 476 4437 611 4505; x_wconf 88' lang='lat' dir='ltr'><strong>habebit.</strong></span> <span class='ocrx_word' id='word_1_338' title='bbox 657 4440 741 4506; x_wconf 90' lang='lat' dir='ltr'><strong>Nam</strong></span> <span class='ocrx_word' id='word_1_339' title='bbox 755 4453 791 4506; x_wconf 92' lang='lat' dir='ltr'><strong>nt</strong></span> <span class='ocrx_word' id='word_1_340' title='bbox 811 4441 989 4507; x_wconf 87' lang='lat' dir='ltr'><strong>constitutio</strong></span> <span class='ocrx_word' id='word_1_341' title='bbox 1003 4444 1127 4508; x_wconf 89' lang='lat' dir='ltr'><strong>vorticis</strong></span> <span class='ocrx_word' id='word_1_342' title='bbox 1150 4465 1332 4528; x_wconf 86' lang='lat' dir='ltr'><strong>permanere</strong></span> <span class='ocrx_word' id='word_1_343' title='bbox 1345 4450 1453 4531; x_wconf 88' lang='lat' dir='ltr'><strong>possit,</strong></span> 
     </span>
     <span class='ocr_line' id='line_1_38' title="bbox 157 4543 1456 4645; baseline 0.005 -31"><span class='ocrx_word' id='word_1_344' title='bbox 157 4551 275 4616; x_wconf 88' lang='lat' dir='ltr'><strong>debent</strong></span> <span class='ocrx_word' id='word_1_345' title='bbox 296 4559 411 4634; x_wconf 77' lang='lat' dir='ltr'><strong>partes</strong></span> <span class='ocrx_word' id='word_1_346' title='bbox 432 4543 537 4610; x_wconf 78' lang='lat' dir='ltr'><strong>minus</strong></span> <span class='ocrx_word' id='word_1_347' title='bbox 558 4546 664 4645; x_wconf 75' lang='lat' dir='ltr'><strong>densae</strong></span> <span class='ocrx_word' id='word_1_348' title='bbox 686 4560 827 4622; x_wconf 89' lang='lat' dir='ltr'><strong>centrum</strong></span> <span class='ocrx_word' id='word_1_349' title='bbox 849 4571 1012 4635; x_wconf 88' lang='lat' dir='ltr'><strong>occupare,</strong></span> <span class='ocrx_word' id='word_1_350' title='bbox 1035 4550 1134 4638; x_wconf 80' lang='lat' dir='ltr'><strong>magis</strong></span> <span class='ocrx_word' id='word_1_351' title='bbox 1164 4550 1270 4616; x_wconf 73' lang='lat' dir='ltr'><strong>densu-</strong></span> <span class='ocrx_word' id='word_1_352' title='bbox 1291 4553 1415 4642; x_wconf 79' lang='lat' dir='ltr'><strong>longiis</strong></span> <span class='ocrx_word' id='word_1_353' title='bbox 1436 4579 1456 4620; x_wconf 91' lang='lat' dir='ltr'><strong>a</strong></span> 
     </span>
     <span class='ocr_line' id='line_1_39' title="bbox 161 4650 1457 4740; baseline 0.004 -18"><span class='ocrx_word' id='word_1_354' title='bbox 161 4671 264 4722; x_wconf 85' lang='lat' dir='ltr'><strong>centro</strong></span> <span class='ocrx_word' id='word_1_355' title='bbox 280 4653 385 4720; x_wconf 86' lang='lat' dir='ltr'><strong>abire.</strong></span> <span class='ocrx_word' id='word_1_356' title='bbox 435 4650 518 4715; x_wconf 89' lang='lat' dir='ltr'><strong>Cum</strong></span> <span class='ocrx_word' id='word_1_357' title='bbox 533 4651 616 4720; x_wconf 88' lang='lat' dir='ltr'><strong>enim</strong></span> <span class='ocrx_word' id='word_1_358' title='bbox 640 4651 835 4740; x_wconf 75' lang='lat' dir='ltr'><strong>planetarum</strong></span> <span class='ocrx_word' id='word_1_359' title='bbox 861 4666 1001 4738; x_wconf 84' lang='lat' dir='ltr'><strong>tempora</strong></span> <span class='ocrx_word' id='word_1_360' title='bbox 1025 4653 1183 4740; x_wconf 87' lang='lat' dir='ltr'><strong>periodica</strong></span> <span class='ocrx_word' id='word_1_361' title='bbox 1208 4657 1323 4724; x_wconf 91' lang='lat' dir='ltr'><strong>sintin</strong></span> <span class='ocrx_word' id='word_1_362' title='bbox 1337 4661 1457 4727; x_wconf 87' lang='lat' dir='ltr'><strong>ratione</strong></span> 
     </span>
    </p>

    <p class='ocr_par' dir='ltr' id='par_1_6' title="bbox 824 4764 875 4810">
     <span class='ocr_line' id='line_1_40' title="bbox 824 4764 875 4810; baseline -0.02 0"><span class='ocrx_word' id='word_1_363' title='bbox 824 4764 875 4810; x_wconf 77' lang='lat' dir='ltr'><strong>ss</strong></span> 
     </span>
    </p>
   </div>
   <div class='ocr_carea' id='block_1_3' title="bbox 0 0 1799 5866">
    <p class='ocr_par' dir='ltr' id='par_1_7' title="bbox 0 0 1799 5866">
     <span class='ocr_line' id='line_1_41' title="bbox 0 0 1799 5866; baseline 0 0"><span class='ocrx_word' id='word_1_364' title='bbox 0 0 1799 5866; x_wconf 95' lang='lat' dir='ltr'><strong> </strong></span> 
     </span>
    </p>
   </div>
  </div>
 </body>
</html>
