3580 5866
323 528 343 591 a
474 509 477 514 ’
646 527 988 596 Pnrtosorffln
1019 529 1302 600 uaruaacra.
1435 535 1616 614 [naama

320 703 399 768 nale
414 705 518 790 (quale
531 717 577 770 est
592 707 728 798 Magnes
741 710 775 775 in
794 723 902 778 centro
916 711 964 780 vis
986 715 1179 803 magnetica,
1204 717 1253 782 vel
1267 715 1370 784 Terra
1391 717 1425 784 in
1439 729 1548 786 canno
1572 715 1626 782 vis

319 810 511 898 gravitantis)
535 814 599 879 sive
613 815 673 880 alia
696 817 800 904 aliqua
829 841 899 905 quse
921 841 987 886 non
999 833 1140 907 apparet
1199 822 1440 891 Mathematicus
1468 825 1627 891 duntaxat

321 929 366 982 est
386 916 439 982 hic
462 931 639 1005 conceptis.
694 923 779 988 Nam
804 923 917 990 virium
941 948 1048 992 causas
1062 939 1094 994 et
1113 927 1201 994 sedes
1224 929 1458 1016 Physicas·ja1n
1482 951 1548 996 non
1561 952 1621 996 ex-

318 1022 433 1111 pendo.

363 1133 421 1196 Est
434 1131 530 1220 igitur
544 1133 589 1198 vis
602 1135 802 1202 accelerabis
812 1137 854 1202 ad
868 1136 932 1202 vim
944 1140 1107 1206 matricem
1121 1151 1157 1204 ut
1165 1140 1305 1206 celeritas
1313 1141 1354 1206 ad
1367 1153 1496 1208 motum.
1541 1143 1618 1208 Ori·

318 1250 369 1302 tur
385 1239 468 1302 enim
483 1241 636 1325 quantitas
649 1253 752 1308 motus
763 1265 805 1310 ex
819 1243 975 1310 celeritate
989 1257 1021 1311 at
1035 1268 1075 1312 ex
1089 1248 1261 1339 quantitate
1274 1248 1422 1327 materiae,
1439 1259 1471 1312 et
1483 1249 1528 1312 vis
1547 1271 1618 1312 mo-

317 1346 381 1409 trix
396 1367 437 1410 ex
451 1345 482 1408 vi
496 1347 708 1414 acceleratn'ce
718 1361 751 1413 et
761 1371 803 1414 ex
813 1351 983 1436 quantitate
997 1343 1135 1438 ejusdem
1148 1353 1287 1418 materia
1301 1355 1498 1439 conjunctim.
1523 1355 1614 1436 uNam

318 1473 440 1518 summa
454 1451 612 1518 actionum
636 1455 682 1518 vis
706 1455 928 1522 acceleratricis
942 1459 976 1522 in
1002 1459 1138 1546 singulas
1157 1459 1297 1545 corporis
1321 1458 1488 1546 particulas
1510 1471 1556 1524 est
1568 1461 1616 1524 vis

317 1559 432 1623 motrix
447 1559 553 1626 totius.
584 1561 680 1628 Unde
689 1563 783 1648 juxta
792 1563 987 1650 superficiem
996 1565 1116 1646 Terras,
1133 1565 1186 1630 ubi
1199 1567 1335 1656 gravitas
1345 1565 1546 1632 acceleratrix
1559 1589 1614 1632 seu

317 1668 363 1732 vis
377 1666 535 1754 gravitans
549 1667 583 1732 in
598 1671 781 1755 corporibus
795 1670 944 1736 universis
955 1671 1063 1738 eedem
1077 1683 1132 1752 est,
1147 1673 1282 1760 gravitas
1296 1674 1412 1738 matrix
1427 1695 1481 1738 seu
1490 1672 1614 1758 pondus

316 1783 410 1836 estut
435 1793 561 1858 corpus:
594 1789 626 1839 at
648 1777 674 1839 si
697 1777 731 1840 in
754 1778 896 1866 regiones
920 1777 1104 1844 ascendatur
1129 1779 1184 1842 ubi
1198 1779 1333 1866 gravitas
1359 1778 1559 1844 accelerenix
1577 1779 1614 1843 fit

314 1879 426 1958 minor,
442 1881 568 1964 pondus
582 1882 699 1966 pariter
711 1884 878 1963 minuetur,
895 1885 1013 1972 eritque
1024 1905 1147 1970 semper
1161 1897 1196 1948 ut
1210 1883 1362 1970 corpus&
1376 1885 1510 1972 gravitas
1525 1907 1613 1950 acce-

313 1985 442 2052 leratrix
456 1989 655 2073 conjunctim.
701 1990 754 2056 Sic
768 1991 801 2054 in
816 1991 995 2079 regionibus
1009 1991 1063 2055 ubi
1076 1991 1211 2079 gravitas
1225 1991 1427 2080 accelerabis
1440 1989 1538 2075 duplo
1551 1993 1612 2056 mi·

312 2115 372 2158 nor
386 2104 441 2172 est,
463 2094 587 2178 pondus
601 2095 740 2182 corporis
754 2096 852 2181 duplo
865 2098 914 2162 vel
929 2097 1023 2182 triplo
1036 2097 1165 2163 minoris
1179 2099 1238 2162 erit
1251 2097 1426 2186 quadruplo
1440 2097 1490 2162 vel
1504 2109 1611 2162 sextu-

311 2201 365 2286 plo
379 2199 494 2266 minua

357 2307 461 2372 Porro
476 2307 673 2372 attractiones
685 2319 717 2373 et
730 2303 880 2394 impulsus
895 2308 1005 2374 eodem
1014 2332 1104 2374 sensu
1115 2308 1343 2376 acceleratrIces
1352 2321 1383 2373 et
1392 2309 1539 2374 monicae
1550 2331 1609 2374 no·

310 2413 407 2477 mino.
451 2413 553 2477 Voces
567 2425 671 2478 autem
688 2413 899 2508 Attractionis‚
918 2415 1083 2502 Impulsus,
1100 2416 1150 2480 vel
1166 2415 1387 2501 Propensionis
1402 2396 1610 2502 cujuscunque

310 2520 344 2582 in
360 2532 511 2598 centrum,
534 2519 786 2586 indifferenteret
799 2543 859 2607 pro
874 2517 907 2586 se
920 2521 1029 2586 mutub
1040 2517 1214 2612 promiscue
1229 2541 1359 2606 usurpo;
1380 2519 1437 2585 has
1451 2521 1531 2586 vires
1544 2543 1609 2586 non

302 2623 456 2713 Physica,
474 2626 528 2690 sed
544 2625 768 2692 Mathematici
783 2626 904 2692 tanturn
919 2629 1154 2693 considerando.
1200 2628 1295 2694 Unde
1314 2639 1421 2692 caveat
1439 2627 1546 2706 lector,
1568 2649 1611 2693 ne

309 2753 370 2815 per
395 2731 573 2817 hujusmodi
598 2753 688 2795 voces
713 2734 829 2820 cogitet
842 2757 894 2798 me
917 2720 1051 2819 speciem
1066 2735 1115 2798 vel
1137 2733 1269 2824 modurn
1293 2735 1422 2798 actionis
1447 2753 1610 2798 causamve

307 2849 362 2902 aut
376 2838 528 2902 rationem
543 2835 709 2923 Physicam
723 2837 836 2902 alicubi
851 2839 991 2917 defirure,
1017 2839 1066 2904 vel
1080 2840 1193 2904 centris
1209 2845 1292 2926 (quae
1317 2852 1388 2903 sunt
1401 2851 1518 2925 puncta
1533 2840 1609 2905 Ma-

307 2943 486 3026 thematica)
501 2944 581 3009 vires
595 2943 667 3008 verd
681 2945 711 3008 &
726 2943 859 3032 Physicis
874 2946 1028 3024 tribuere3
1048 2947 1080 3010 si
1103 2946 1187 3012 forte
1200 2959 1254 3010 aut
1268 2959 1375 3012 centra
1389 2945 1522 3026 trabere,
1553 2957 1609 3010 aut

307 3051 387 3118 vires
401 3067 579 3118 centrorum
592 3073 664 3118 esse.
672 3051 791 3118 dixero.

874 3237 1030 3304 antam.

350 3442 512 3510 Hactenus
526 3465 616 3509 voces
630 3429 733 3508 minus
746 3445 845 3523 nutas,
873 3466 935 3530 quo
951 3466 1040 3508 sensu
1055 3443 1088 3507 in
1104 3439 1300 3530 sequentibus
1314 3440 1502 3527 accipiendas
1532 3439 1604 3523 sint,

306 3551 462 3637 explicare
476 3551 578 3618 visum
597 3562 652 3616 est.
705 3551 855 3636 Tempus,
881 3551 1032 3635 Spatitun,
1057 3549 1180 3615 Locum
1199 3562 1230 3613 et
1250 3549 1387 3626 Motum,
1411 3558 1446 3611 ut
1460 3549 1606 3613 omnibus

305 3660 473 3737 notissima,
489 3679 554 3738 non
569 3657 695 3722 definio.
739 3656 923 3721 Notandum
937 3669 1051 3735 tamen,
1076 3655 1162 3742 quod
1181 3655 1291 3744 vulgus
1306 3653 1490 3741 quantitates
1511 3653 1605 3721 hasce

304 3767 467 3830 sonaliter
481 3787 575 3852 quam
588 3787 629 3828 ex
643 3763 1176 3849 relationeadsensrbiliaconcipiat.
1221 3761 1265 3828 Et
1278 3760 1351 3836 inde
1366 3762 1509 3826 oriuntur
1521 3785 1605 3847 prse-

299 3871 418 3958 judicia
432 3871 585 3959 quadarn,
606 3871 718 3958 quibus
732 3871 876 3936 tollendis
891 3871 1035 3935 convenit
1049 3869 1173 3934 easdem
1187 3870 1220 3932 in
1236 3868 1389 3933 absolutas
1404 3877 1436 3933 et
1449 3869 1601 3950 relativas,

304 4001 392 4043 veras
406 3991 438 4042 et
452 3989 644 4064 apparentes,
661 3975 893 4041 mathematicas
908 3989 939 4041 et
952 3975 1095 4064 vulgares
1109 3975 1267 4064 distingui.

349 4083 389 4172 (¹¹)
413 4085 440 4150 Ι.
463 4084 603 4170 Tempus
628 4083 825 4164 Absolutum,
848 4106 966 4162 verum,
990 4095 1021 4148 et
1043 4083 1306 4161 mathematicum,
1317 4079 1362 4172 ¹in
1378 4101 1413 4146 se
1438 4092 1469 4144 et
1491 4081 1601 4145 naturi

305 4191 359 4256 sula
375 4193 442 4256 sine
457 4189 606 4256 relatione
621 4189 662 4254 ad
676 4202 840 4254 externum
854 4190 994 4276 quodvis,
1022 4189 1216 4277 mquabiliter
1228 4187 1306 4266 fluit,
1333 4187 1456 4274 alioque
1475 4189 1604 4252 nomine

304 4297 417 4362 dicitur
432 4299 581 4363 Duratio:
606 4295 793 4375 Relativmn,
818 4319 979 4382 apparens,
1007 4307 1039 4361 et
1052 4297 1179 4385 vulgare
1199 4308 1245 4360 est
1264 4295 1414 4359 sensibilis
1428 4306 1459 4359 et
1473 4309 1601 4362 externa

303 4405 419 4490 quaevis
439 4405 622 4470 Durationis
632 4425 689 4489 per
703 4415 823 4468 motum
837 4427 982 4468 mensura
996 4409 1065 4490 (seu
1079 4417 1228 4486 accurata·
1236 4425 1291 4466 seu
1314 4401 1519 4488 inaequabilis)
1540 4401 1599 4488 quir

302 4509 413 4596 vulgus
427 4509 494 4574 vice
508 4510 572 4575 veri
587 4511 734 4596 temporis
749 4511 863 4588 utitur}
884 4521 919 4576 ut
934 4511 1037 4590 Hora,
1054 4511 1141 4590 Dies,
1166 4510 1296 4590 Mensis,
1313 4511 1434 4574 Annus.

347 4617 391 4681 11.
410 4615 551 4701 Spatium
567 4617 763 4695 Absolutum,
779 4617 889 4681 natura
904 4617 957 4682 sui
978 4619 1043 4682 sine
1058 4619 1207 4682 relatione
1221 4615 1261 4681 ad
1275 4627 1438 4680 externum
1458 4613 1598 4700 quodvis,

303 4745 424 4808 semper
437 4735 544 4788 manat
550 4723 723 4788 similare&
733 4723 905 4788 immobile:
930 4723 1107 4789 Relativum
1118 4735 1164 4789 est
1177 4723 1268 4808 spatii
1281 4723 1372 4808 hujus
1386 4717 1531 4785 mensura
1545 4743 1598 4785 seu

303 4829 454 4896 dimensio
468 4827 614 4915 quaelibet
627 4829 759 4909 mobilis,
776 4853 845 4916 quae
860 4853 880 4894 a
898 4832 1036 4896 sensibus
1049 4831 1162 4896 nostris
1180 4829 1344 4916 pensitam
1369 4847 1459 4890 suum
1474 4826 1514 4890 ad
1529 4847 1600 4890 cor-

336 4973 373 5040 (11)
393 4979 431 5022 16.
465 4958 674 5029 Quanadmodirm
695 4975 828 5022 Geometras
848 4973 936 5022 lineam
968 4971 1598 5034 tummstlrcmaticdconsidcmrepossumus‚tanqnam

304 5037 369 5086 fluxu
381 5037 462 5100 planati
472 5038 577 5100 gesmari
588 5037 687 5101 tingunt,
700 5037 733 5086 ita
739 5048 832 5099 ternpus
843 5039 934 5088 absolu·
965 5039 1103 5104 aequabilem
1119 5039 1192 5087 unius
1208 5037 1315 5088 irrstautis
1331 5052 1372 5085 scu
1390 5037 1472 5098 puncti
1490 5035 1599 5097 temporis
