3580 5866
303 473 356 532 xiv
691 490 693 500 ·
834 469 1059 538 EDlTOlilS

301 652 430 726 potente
450 643 584 727 praedita
607 644 785 724 subtilitate,
809 645 1007 732 motibusque
1031 645 1160 710 accrrltis
1182 645 1316 733 agitata3
1332 645 1400 731 jam
1413 644 1456 710 ad
1470 645 1591 710 somnia

301 747 499 826 delabuntur,
522 749 663 838 neglecti
684 773 789 816 rerum
804 751 1024 816 constitutione
1038 750 1128 817 vert:
1151 774 1222 838 quoe
1237 750 1312 816 sane
1325 751 1440 816 frustra
1453 749 1591 836 petenda

301 869 350 920 est
363 877 404 920 ex
417 855 590 922 tunebusfi
595 855 790 944 conjecturis,
813 857 886 923 culm
901 859 955 922 vix
971 859 1065 924 ctiam
1086 880 1144 943 per
1158 860 1343 924 certissimas
1357 859 1590 924 observationes

280 963 479 1052 ¹investigari
496 966 605 1051 possit.
651 967 717 1047 Qui
739 966 988 1051 speculationum
1007 985 1136 1032 suarum
1158 965 1396 1034 fundamentum
1421 967 1591 1032 desumunt

300 1073 340 1138 ab
350 1073 594 1160 hypothesibus3
617 1079 739 1144 etiamsi
750 1077 864 1142 deinde
874 1075 1047 1142 secundum
1055 1076 1141 1164 leges
1152 1077 1347 1143 mechanicas
1358 1075 1590 1144 accuratissimi

299 1185 490 1270 procedant3
512 1187 648 1254 fabulam
656 1187 790 1275 ,quidem
805 1187 980 1274 elegantem
991 1185 1071 1251 sorte
1085 1199 1118 1252 ct
1132 1199 1304 1266 venustam,
1326 1189 1464 1256 fabulam
1485 1199 1591 1253 nmen

299 1295 487 1361 concinnare
501 1297 627 1362 dicendi
642 1309 726 1362 sunt.

345 1406 546 1492 Relinquitur
559 1405 640 1470 adeo
664 1406 793 1472 tertium
815 1428 926 1494 genus,
948 1405 1004 1493 qui
1017 1405 1250 1491 philosophiam
1264 1407 1382 1474 scilicet
1394 1405 1591 1492 experimen-

299 1514 394 1580 ulem
409 1513 604 1600 profitentur.
651 1513 700 1579 Hi
714 1514 842 1600 quidem
856 1537 898 1580 ex
911 1515 1147 1600 simplicissimis
1162 1516 1274 1602 quibus
1283 1531 1416 1601 possunt
1428 1511 1590 1600 principiis

299 1645 406 1690 rerum
423 1621 563 1688 omnium
577 1643 686 1687 musas
712 1621 897 1687 derivandas
908 1645 977 1688 esse
992 1622 1118 1688 volunt:
1141 1621 1220 1686 nihil
1235 1636 1340 1688 autem
1353 1623 1500 1709 principii
1521 1621 1593 1686 loco

299 1741 471 1809 assumunt,
494 1727 581 1815 quod
604 1729 746 1794 nondum
769 1751 811 1794 ex
824 1729 1041 1814 phoenomenis
1066 1730 1306 1814 comprobatum
1325 1729 1428 1794 furerit.
1475 1729 1592 1813 Hypo-

299 1839 402 1904 theses
416 1861 481 1904 non
496 1839 784 1917 comminiscuntur,
807 1861 910 1925 neque
931 1839 965 1902 in
979 1839 1143 1924 physicam
1166 1839 1331 1924 recipiunt,
1354 1838 1415 1903 nisi
1437 1849 1474 1902 ut
1488 1857 1586 1923 quaes·

298 1947 400 2012 ticum
414 1947 455 2012 de
468 1969 602 2034 quarum
616 1947 746 2012 veritate
763 1946 950 2031 disputetur.
994 1947 1126 2032 Duplici
1149 1947 1253 2034 itaque
1267 1945 1417 2012 methodo
1431 1943 1592 2020 incedunt,

298 2053 451 2141 analyticis
466 2071 499 2120 et
513 2053 696 2142 syntheticsi.
742 2054 874 2120 Naturae
899 2054 981 2119 vires
1007 2054 1155 2142 legesque
1181 2055 1294 2118 virium
1320 2052 1523 2137 simpliciores
1552 2073 1595 2116 ex

298 2159 419 2225 selectis
435 2159 621 2246 qubusdm
635 2160 851 2246 phaenomenis
867 2183 924 2246 per
933 2160 1076 2246 analysin
1091 2161 1261 2240 deducmrt,
1285 2183 1326 2226 ex
1352 2161 1465 2248 quibus
1479 2159 1595 2226 deinde

297 2291 355 2356 per
370 2267 532 2355 synthesis
548 2269 739 2358 reliquorum
754 2270 1008 2336 constitutionem
1030 2269 1169 2336 tradunt
1216 2271 1300 2336 Haec
1315 2272 1369 2336 illa
1390 2285 1438 2338 est
1454 2269 1595 2357 philoso-

296 2375 416 2462 phandi
429 2375 510 2439 ratio
524 2375 618 2464 longe
633 2377 764 2462 optima,
787 2399 883 2463 quam
897 2399 965 2462 prae
980 2378 1101 2442 cacteris
1115 2377 1229 2444 meriti)
1250 2377 1503 2463 amplectendam
1522 2397 1596 2440 oen·

297 2483 358 2547 suit
381 2481 603 2548 celeberrimus
624 2497 733 2548 auctor
755 2495 872 2548 noster.
910 2475 1019 2548 ‘Hanc
1038 2485 1138 2548 sclam
1164 2485 1272 2572 utique
1295 2485 1424 2572 dignam
1432 2483 1597 2569 judicarit,
1715 2513 1724 2532 ·

231 2597 236 2612 ¹
298 2589 407 2680 inqui
422 2593 593 2658 excolendis
607 2607 700 2679 atque
715 2591 900 2658 adornandi
917 2615 1045 2676 operam
1061 2615 1148 2658 suam
1164 2594 1341 2658 collocaret
1383 2593 1492 2676 Hujus
1503 2593 1600 2682 igimr

297 2699 539 2765 illustrissimum
553 2698 642 2763 dedit
656 2699 846 2782 exemplum,
862 2698 1015 2760 mundani
1030 2720 1144 2781 nempe
1159 2699 1334 2784 systematis
1356 2698 1597 2782 explicationem

282 2833 317 2888 ⁴e
334 2807 454 2874 theorici
476 2806 636 2896 gravitatis
658 2803 834 2869 felicissime
857 2803 1036 2870 deductam.
1082 2804 1253 2870 Gravitatis
1278 2804 1425 2868 virtutem
1447 2804 1598 2870 universis

227 2907 229 2910 ¹
298 2909 482 3002 corporibus
497 2915 609 2992 inesse,
625 2912 773 2998 suspicati
788 2923 861 2976 sunt
877 2911 926 2976 vel
942 2910 1105 2974 finxerunt
1120 2910 1193 2974 alii:
1214 2910 1335 2996 primus
1348 2910 1399 2975 ille
1414 2923 1447 2976 et
1456 2909 1541 2976 solus
1556 2935 1598 2978 ex

298 3025 489 3113 appetentiis
511 3022 727 3087 demonstrare
744 3020 857 3105 potuit,
881 3031 914 3086 et
939 3020 1203 3104 speculationibus
1225 3021 1358 3110 egregiis
1384 3021 1597 3088 firmissimum

298 3155 418 3222 ponere
431 3129 678 3196 fundamentum.

346 3243 418 3310 Scio
432 3239 577 3328 equidem
591 3237 760 3302 nonnullos
774 3240 883 3328 magni
897 3239 991 3304 etiam
1005 3240 1141 3306 nominis
1154 3240 1246 3319 viros,
1262 3239 1452 3326 prejudiciis
1467 3240 1595 3328 quibus-

300 3353 374 3418 darn
387 3351 459 3438 plus
469 3371 561 3434 oequo
576 3360 755 3433 occupatos,
778 3348 854 3414 huic
869 3371 953 3414 novo
966 3350 1122 3436 principio
1136 3349 1221 3438 aegid
1236 3349 1379 3416 assentiri
1392 3351 1541 3437 potuisse,¹
1563 3363 1595 3415 et

190 3483 200 3494 ·
302 3464 394 3529 certis
423 3462 543 3524 incerta
566 3457 739 3524 identidem
767 3458 954 3543 praetulisse.
1001 3459 1131 3524 Horum
1150 3457 1267 3524 samam
1290 3459 1434 3524 vellicare
1462 3480 1527 3524 non
1551 3470 1598 3524 est

300 3573 441 3638 animus:
464 3568 521 3634 tibi
534 3567 650 3652 potius,
672 3567 825 3632 benevole
840 3569 950 3646 lector,
972 3569 1027 3632 illa
1040 3569 1148 3652 paucis
1171 3591 1330 3654 exponere
1343 3569 1441 3648 lubet,
1464 3591 1505 3634 ex
1527 3569 1595 3655 qui·
1643 3581 1645 3585 “

291 3667 360 3745 ,bus
376 3690 442 3744 tute
452 3676 521 3762 ipse
529 3673 687 3760 judicium
701 3695 766 3738 non
777 3674 921 3760 iniquum
931 3675 1023 3740 feres.

346 3786 448 3874 Igitur
463 3796 498 3848 ut
523 3781 700 3868 argumenti
726 3793 866 3846 sumatur
889 3782 1090 3850 exordiuma
1109 3785 1344 3870 simplicissimis
1369 3797 1401 3852 et
1422 3782 1595 3870 proximis3

301 3895 502 3982 dispiciamus
526 3890 687 3976 paulisper
709 3891 809 3978 qualis
835 3891 876 3955 sit
897 3892 931 3956 in
955 3895 1155 3960 terrestribus
1179 3907 1292 3960 natura
1304 3897 1475 3984 gravitatis,
1492 3907 1527 3959 ut
1540 3893 1596 3958 de-

300 4007 376 4072 inde
387 4003 484 4069 tutius
503 3999 745 4090 progrediamur
765 4000 820 4064 ubi
842 3999 884 4066 ad
905 4023 1040 4088 corpora
1059 4002 1205 4082 coelestia,
1228 4003 1409 4092 longissime
1430 4027 1450 4068 a
1471 4002 1598 4068 sedibus

301 4112 415 4182 nostris
437 4120 567 4185 remota,
590 4117 776 4192 perventum
801 4105 904 4174 nent.
951 4109 1108 4174 Convertit
1127 4112 1194 4195 jam
1217 4111 1300 4176 inter
1324 4133 1432 4176 omnes
1457 4109 1598 4196 philoso-

302 4223 393 4310 phos,
410 4238 542 4302 corpore
556 4214 702 4278 universa
716 4213 993 4280 circumterrestria
1011 4217 1167 4303 gravitare
1188 4217 1221 4280 in
1243 4229 1369 4283 terram.
1414 4216 1511 4282 Nulla
1529 4215 1598 4279 dari

304 4350 436 4414 corpora
457 4323 530 4390 vere
551 4321 642 4400 levia,
659 4319 850 4406 jamdudum
870 4323 1068 4388 confirmavit
1088 4324 1281 4410 experientia
1294 4323 1469 4409 multiplex.
1515 4321 1598 4399 Qua

304 4441 418 4509 dicitur
432 4436 541 4500 levitas
555 4432 694 4510 relativa,
710 4443 839 4496 nonest
856 4453 931 4496 vera
944 4431 1064 4512 levitas,
1087 4433 1144 4498 sed
1160 4455 1315 4519 apparens
1329 4431 1544 4510 solummod03
1566 4447 1597 4500 ct

306 4554 406 4620 oritur
420 4573 440 4612 a
453 4545 660 4634 praepollente
674 4543 828 4632 gravitate
846 4564 1015 4628 corporum
1029 4543 1260 4632 contiguorum.

350 4655 462 4736 Porri),
486 4667 522 4720 ut
535 4676 670 4742 corpora
683 4653 830 4718 universa
858 4654 1016 4746 gravitent
1033 4653 1065 4716 in
1084 4663 1211 4733 terram,
1238 4655 1283 4718 ita
1303 4667 1387 4728 terra
1411 4650 1544 4716 vicissim
1565 4652 1599 4718 ia
