3580 5866
638 489 640 494 ¹
683 465 944 537 PRAEFATIO.
1407 501 1451 544 xv

19 639 20 644 ’
138 661 270 724 corpora
293 637 485 725 equaliter
514 641 671 728 gravitntt
701 645 860 730 grammis
885 645 970 710 enirn
998 645 1153 710 uodonem
1166 669 1235 712 esse
1257 661 1397 716 mutuam
1419 665 1452 717 et

137 751 296 837 utrinque·
311 750 500 836 mquidem,
526 753 777 820 sicostenditur.
821 755 1044 843 Distingtmtur
1065 769 1158 822 terrae
1179 759 1272 824 totius
1294 761 1392 827 moles
1417 763 1451 826 in

138 857 225 922 bims
249 879 479 946 quoscunque
503 857 693 945 parteq'rel
711 861 847 950 aquales
870 864 920 928 vel
948 875 1107 953 umunque
1128 867 1314 954 inaequales:
1333 872 1400 956 jam
1425 873 1452 935 si

138 967 278 1051 pondera
292 968 450 1052 partium
460 991 530 1034 non
544 981 649 1035 essent
661 971 695 1036 in
710 993 744 1036 se
757 971 869 1038 mutuo
882 975 1033 1060 oequsliet
1055 978 1181 1044 cederet
1200 979 1325 1064 pondus
1348 981 1451 1045 minus

139 1077 257 1161 mojori,
281 1089 446 1162 etpnrtes
462 1080 641 1163 conjmctae
653 1097 823 1166 pergerent
841 1079 925 1146 recti
951 1084 1070 1148 moveri
1095 1085 1136 1148 ad
1161 1085 1328 1166 infinitum,
1344 1109 1451 1153 versus

139 1188 265 1275 plagam
278 1189 315 1254 in
330 1211 440 1274 quam
455 1187 559 1254 tendit
572 1188 696 1273 pondus
710 1191 829 1274 sunjus:
851 1190 981 1254 omnino
995 1205 1105 1258 contra
1115 1196 1349 1279 experientiam.
1388 1197 1452 1262 Ita-

139 1317 200 1382 que
214 1295 398 1359 dicendum
414 1296 487 1372 erit,
510 1293 653 1380 pondera
672 1296 810 1380 partium
838 1297 873 1361 in
897 1299 1072 1384 aequilibrio
1094 1323 1162 1366 esse
1183 1303 1368 1368 constituta:
1390 1303 1453 1368 hcc
1488 1373 1493 1384 ,

141 1418 198 1484 est,
223 1409 403 1492 gravitatis
417 1409 576 1474 actionem
590 1429 658 1472 esse
670 1417 811 1472 mutuam
825 1420 859 1472 et
872 1409 1018 1495 utrinque
1039 1410 1201 1496 aequalem.

185 1515 345 1580 Pondere
360 1539 546 1601 corporum,
570 1517 732 1602 equaliter
746 1538 766 1580 a
779 1529 888 1582 centro
902 1528 996 1580 terrae
1009 1517 1200 1597 dismntium,
1217 1533 1291 1586 sunt
1304 1533 1340 1587 nt
1353 1545 1452 1610 quan
1570 1601 1573 1610 A

142 1623 254 1688 titstcs
268 1625 412 1690 mens
427 1626 462 1688 in
476 1624 672 1710 corporibus.
719 1623 795 1689 Hoc
819 1625 926 1709 utique
941 1623 1098 1712 colligitur
1112 1647 1153 1690 ex
1166 1629 1280 1714 oeqnali
1300 1631 1453 1696 weders-

147 1733 233 1796 tione
247 1755 426 1819 corporum
441 1735 593 1813 omniurn,
617 1757 636 1798 e
658 1734 763 1820 quiete
785 1754 844 1817 per
857 1733 1033 1817 ponderum
1057 1735 1137 1798 vires
1160 1735 1356 1802 cadentium:
1379 1759 1452 1802 nem

147 1840 228 1904 vires
241 1841 365 1927 quibus
389 1842 559 1928 inoequulia
572 1863 707 1927 corpora
727 1841 888 1927 aequaliter
911 1841 1133 1919 accelerentur,
1157 1842 1273 1907 debent
1297 1865 1365 1908 esse
1378 1867 1453 1930 pro·

145 1947 345 2032 portionalcs
360 1948 590 2036 quantitatibus
604 1949 745 2014 materiae
765 1948 938 2014 movendas.
983 1949 1056 2014 Jsm
1070 1947 1146 2013 verb
1161 1971 1295 2035 corpora
1308 1953 1453 2018 universa

148 2054 298 2120 cadentia
312 2057 479 2143 equaliter
493 2056 673 2134 accelerent
689 2079 730 2122 ex
745 2079 784 2121 ec
797 2069 892 2142 patet,
907 2056 994 2143 quod
1017 2057 1051 2119 in
1075 2078 1184 2122 vacuo
1197 2058 1351 2142 Boyliano
1373 2072 1453 2126 tem·

147 2162 283 2248 poribus
298 2165 476 2252 equalibus
487 2164 623 2252 aqualis
636 2165 738 2248 spotia
751 2163 894 2230 osdendo
904 2164 1095 2242 describunt,
1108 2165 1228 2230 sublati
1234 2167 1359 2233 scilicet
1372 2170 1452 2234 atris

149 2272 352 2338 mistentiit
374 2271 551 2338 accuratius
566 2283 672 2338 autem
685 2272 908 2358 comprobetur
926 2294 985 2358 per
998 2273 1214 2357 experimento
1232 2273 1451 2358 pendulorum.

193 2379 296 2447 Vires
311 2381 481 2446 martine
491 2403 670 2468 corporum,
694 2382 727 2445 in
742 2382 914 2468 equalibus
928 2381 1093 2458 distantiis,
1117 2393 1190 2444 sunt
1216 2395 1250 2444 nt
1264 2384 1452 2466 quantitates

153 2487 306 2550 matese
320 2487 354 2551 in
368 2487 554 2573 corporibus.
600 2490 684 2554 Num
698 2487 772 2554 ctlm
793 2501 926 2573 corpore
939 2488 973 2551 in
987 2501 1103 2554 terram
1125 2502 1158 2554 et
1171 2501 1255 2556 terre
1268 2491 1404 2554 vicissim
1418 2492 1452 2554 in

156 2617 300 2681 corpora
312 2600 472 2664 momentis
493 2601 665 2687 aequalibus
687 2599 862 2687 gravitent3
885 2610 977 2663 terroe
1007 2597 1132 2684 pondus
1146 2598 1180 2661 in
1205 2599 1453 2687 unumquodque

154 2725 284 2790 corpu,
307 2731 362 2773 seu
378 2709 424 2772 vis
438 2707 500 2795 qui
516 2731 631 2794 corpus
651 2721 769 2774 terram
792 2708 930 2786 cibabit,
940 2751 942 2758 ,
954 2708 1130 2794 aequobitur
1153 2706 1288 2792 ponderi
1312 2709 1452 2794 corporis

154 2817 300 2901 ejusdem
313 2821 348 2884 in
361 2831 489 2886 terrum.
535 2820 611 2885 Hoc
625 2831 731 2884 sutem
740 2817 866 2904 pondus
888 2818 948 2882 erit
961 2826 997 2881 ut
1011 2817 1166 2904 quantitas
1180 2817 1320 2881 materie
1333 2817 1367 2882 in
1381 2839 1451 2884 eor·

155 2947 254 3010 porc:
276 2928 438 3016 itaqucvis
453 2928 516 3016 qufi
532 2950 646 3013 corpus
660 2925 908 3013 unumquodque
922 2937 1039 2990 terram
1061 2925 1197 3003 attrahit,
1221 2927 1286 2992 sive
1311 2927 1451 3014 corporis

155 3033 204 3098 vis
214 3036 369 3115 insoluta
392 3037 453 3102 erit
465 3051 503 3100 ut
517 3035 627 3102 eedem
637 3035 794 3122 quantitas
808 3036 956 3100 materie.

203 3139 316 3206 Oritur
327 3165 403 3228 ergo
416 3155 449 3208 et
463 3143 663 3228 componitur
677 3144 723 3206 vis
741 3143 904 3208 attractiva
926 3165 1093 3228 corporum
1108 3145 1302 3234 integrorum
1323 3167 1364 3210 ex
1378 3145 1451 3210 viri·

158 3247 222 3312 bus
232 3251 402 3314 attractiris
413 3250 567 3334 partium:
591 3247 746 3335 siquidem
769 3247 859 3314 aucti
880 3250 931 3314 vel
953 3249 1106 3316 diminutb
1126 3251 1209 3316 mole
1228 3253 1376 3331 materiae,
1399 3275 1450 3316 os·

157 3369 285 3424 tensum
300 3371 357 3436 cst,
378 3359 654 3444 proportionaliter
668 3359 776 3448 augeri
790 3359 840 3424 rel
855 3358 987 3424 diminui
1001 3363 1068 3446 ejus
1082 3362 1237 3427 virtutem.
1284 3363 1379 3428 Actio
1392 3363 1451 3427 ita·

155 3489 218 3552 que
235 3469 356 3534 tellrnis
370 3493 411 3534 ex
432 3470 607 3556 conjunctis
628 3471 766 3554 portium
788 3470 961 3534 actionibus
987 3469 1115 3534 conflari
1136 3471 1292 3536 censenda
1306 3471 1382 3549 erit;
1404 3485 1451 3536 at-

154 3601 220 3663 quc
236 3577 316 3644 adcd
324 3601 458 3664 corpora
471 3578 579 3644 omnia
603 3577 763 3642 terrestria
787 3599 821 3640 sc
836 3577 946 3640 mutub
969 3576 1092 3640 trabere
1107 3587 1232 3662 oportet
1255 3577 1373 3644 viribus
1396 3579 1451 3644 ab·

154 3687 279 3765 solutis,
303 3711 374 3774 quse
389 3687 499 3752 sintin
513 3687 634 3751 ratione
648 3686 787 3751 materiae
800 3685 961 3750 catenus
1007 3683 1091 3748 Haec
1105 3698 1153 3749 est
1166 3698 1278 3752 natura
1291 3687 1450 3774 gravitatis

153 3796 244 3882 apud
266 3807 402 3862 tenum:
425 3795 585 3860 videmnus
591 3795 658 3878 jem
673 3793 773 3879 qualis
788 3791 828 3857 sit
841 3793 874 3856 in
889 3792 985 3856 coelis.

198 3905 328 3990 Corpus
339 3925 434 3970 omne
448 3921 648 3988 perseverare
662 3900 696 3964 in
710 3911 793 3965 statu
812 3921 869 3965 suo
884 3899 934 3964 vel
955 3901 1136 3987 quiescendi
1149 3902 1199 3967 vel
1220 3903 1367 3968 morendi
1382 3904 1449 3968 nni·

151 4011 298 4078 formiter
317 4012 353 4076 in
367 4011 532 4087 directum,
558 4008 619 4072 nisi
634 4019 819 4094 quatenusa
833 4007 951 4072 viribus
975 4007 1134 4094 impressis
1149 4011 1272 4098 cogitur
1285 4022 1399 4076 statum
1414 4010 1449 4072 il·

151 4121 223 4186 lum
237 4133 380 4196 mutum
401 4131 524 4184 neturus
536 4118 589 4184 lex
612 4130 660 4182 est
674 4117 714 4181 ab
728 4116 872 4180 omnibus
887 4129 1012 4202 recepta
1032 4117 1236 4206 philosophis.
1281 4119 1361 4185 Inde
1374 4117 1449 4182 verb

151 4229 307 4316 sequitur,
332 4249 470 4313 corpora
483 4249 554 4314 quse
568 4227 601 4292 in
616 4225 718 4290 curvis
730 4237 907 4302 moventur,
930 4237 1023 4313 atque
1040 4225 1119 4292 aded
1133 4229 1175 4294 de
1188 4228 1278 4292 lineis
1292 4226 1383 4294 rectis
1399 4249 1448 4291 or-

150 4339 234 4404 bitas
245 4361 320 4404 suas
335 4337 541 4425 tangentibus
559 4336 678 4424 jugiter
691 4335 817 4413 abeunt,
840 4335 871 4398 vi
894 4334 996 4422 aliqui
1011 4338 1163 4422 perpetud
1188 4348 1299 4424 agente
1320 4327 1447 4403 retineri

150 4447 183 4512 in
197 4447 314 4512 itinero
329 4443 517 4510 curvilineo·
563 4443 701 4510 Pinnetis
725 4442 820 4530 igitur
833 4442 867 4506 in
887 4443 1015 4508 orbibus
1030 4445 1132 4509 curvis
1153 4443 1382 4512 revolventibus
1393 4467 1449 4510 ns·

150 4555 287 4623 cusano
299 4553 408 4621 aderit
422 4554 470 4618 vis
480 4552 593 4640 aliqua,
615 4573 674 4637 per
687 4553 775 4637 cujus
796 4552 933 4617 actiones
955 4554 1100 4637 repentes
1121 4552 1333 4622 indesinenter
1346 4579 1366 4620 a
1380 4570 1448 4621 tsn-

151 4671 297 4756 gmubus
313 4667 538 4733 deflectuntur.
