3580 5866
686 1105 962 1184 RERUM
1059 1182 1062 1196 ,

446 1349 1193 1490 MATHEMATICARUM

694 1625 951 1704 suuniosrs,
1026 1577 1029 1586 ’

246 1879 793 1961 PHILOSOPHIAE
828 1875 1358 1962 NEWTONIANAE

657 2125 1009 2210 musaraneus:
1041 2101 1044 2108 ’

646 2401 649 2410 “
744 2399 910 2421 m

164 2591 297 2695 Qum
322 2615 493 2680 reconna
515 2617 579 2681 sint
603 2615 696 2682 amu
721 2627 753 2681 et
777 2614 866 2680 uua
892 2609 1105 2694 Philosophiae
1128 2603 1287 2670 namus
1313 2599 1471 2684 praepa

165 2743 416 2822 Mathematica,
433 2757 554 2808 norunt
576 2745 599 2808 ii
622 2767 731 2810 omnes
747 2747 801 2832 qui
816 2743 865 2809 vel
889 2744 990 2828 ipsum
1005 2739 1166 2804 clarissimi
1182 2735 1333 2802 Anthoris
1356 2753 1471 2796 nomen

173 2877 354 2943 audierunt.
403 2876 513 2942 Tanta
535 2888 582 2941 est
604 2899 710 2942 rerum
727 2877 868 2966 ,dignitas
892 2885 984 2962 atque
1008 2872 1188 2948 sublimitas,
1212 2882 1298 2933 tauta
1321 2863 1471 2930 sermonis

176 3003 345 3092 plnsqudm
360 3007 557 3092 geometrica
571 3006 717 3085 brevitas,
735 3020 770 3073 ut
784 3004 1079 3092 praestantissimum
1093 3001 1172 3066 illud
1186 3021 1265 3083 opus
1280 2994 1471 3082 paucissimis

183 3134 340 3197 duntaxat
354 3134 526 3221 geometris
541 3134 656 3200 facturn
671 3135 822 3208 videatur.
870 3135 934 3200 an
949 3135 991 3198 ob
1006 3156 1114 3198 causas
1128 3132 1202 3195 viris
1217 3127 1390 3194 matheseos
1405 3123 1471 3188 cul·

187 3261 338 3346 tiorisque
352 3259 498 3347 physices
514 3262 659 3326 studiosis
673 3263 882 3350 gratissimam
897 3261 965 3325 sore
979 3260 1166 3345 putavimus,
1183 3280 1222 3321 eo
1236 3254 1331 3318 modo
1346 3273 1472 3336 compa·
1557 3231 1561 3244 ¹

187 3399 286 3454 ratam
300 3385 605 3471 interpretationem,
621 3402 656 3454 ut
673 3410 781 3453 omnes
801 3401 867 3453 tam
892 3387 976 3452 utilis
1001 3384 1209 3472 philosophiae
1234 3382 1470 3468 propositiones,

188 3513 352 3578 corollaria
366 3517 473 3580 omnia
487 3514 583 3602 atqu&
598 3516 716 3582 scholia
730 3517 883 3582 inoffenso
902 3517 984 3600 pede
1005 3517 1128 3602 possint
1148 3515 1325 3592 decurrere,
1348 3514 1401 3600 qui
1423 3511 1472 3578 vel

189 3645 264 3728 ipsis
277 3647 460 3732 geometriae
475 3659 508 3710 et
521 3617 659 3734 uulgaris
674 3647 812 3737 algebrae
826 3649 988 3714 elementis
1002 3645 1101 3733 probd
1123 3645 1234 3710 imbuti
1249 3657 1330 3709 sunt
1376 3642 1473 3720 Quod
1507 3645 1509 3654 “

188 3787 226 3839 nt
237 3789 467 3860 prestaremus,
484 3777 679 3844 mechanices
695 3791 727 3844 ct
741 3777 854 3858 calculi
867 3777 1065 3842 infinitorum
1079 3775 1242 3860 principia,
1260 3771 1410 3860 quantum
1425 3772 1473 3835 in-

188 3904 288 3968 stituti
302 3906 402 3970 nostri
418 3905 499 3968 ratio
512 3905 660 3990 postulat,
678 3906 824 3972 Newtoni
835 3907 974 3994 vestigiis
986 3905 1163 3970 insistentes
1175 3902 1471 3978 demonstramus,

188 4035 382 4118 perbrevem,
399 4035 456 4100 sed
477 4035 705 4100 theorematum
728 4036 928 4100 foecunditate
952 4035 1090 4120 plenum,
1108 4032 1220 4096 nostris
1245 4031 1472 4096 commentariis

189 4164 376 4230 inseruimus
404 4177 571 4231 tractatum
593 4168 764 4232 sectionum
787 4169 985 4244 conicarum;
1016 4187 1087 4253 qnae
1109 4167 1159 4230 vel
1179 4134 1351 4242 minimhm,
1376 4163 1471 4229 nimid

187 4293 378 4358 obscuritate
392 4292 504 4356 lectori
518 4295 678 4381 negotium
689 4315 801 4378 parere
811 4305 947 4380 possent,
964 4294 1112 4357 eaomnia
1124 4313 1281 4376 exponere
1295 4303 1326 4354 et
1340 4291 1373 4353 in
1388 4289 1474 4357 bono
1541 4361 1544 4368 p

183 4422 302 4488 lumine
321 4423 480 4491 collocare
501 4425 605 4488 conati
627 4447 754 4501 sumus3
777 4446 847 4510 quae
869 4424 902 4487 in
924 4423 1059 4501 scholiis,
1081 4421 1263 4498 corollariis,
1286 4426 1473 4518 propositio-

182 4577 323 4642 numque
338 4553 433 4632 aerie,
455 4552 664 4638 praetermissd
686 4553 961 4631 demonstratione,
983 4551 1165 4640 pronuntiat
1187 4551 1368 4634 Newtonus‚
1391 4577 1473 4640 prte-

67 4715 71 4725 ·
183 4686 280 4752 missis
295 4683 351 4750 vel
370 4681 543 4769 interjectis
564 4682 717 4748 lemmatis
740 4681 921 4768 scrupulose
943 4680 1155 4746 demonstrata
1175 4681 1341 4761 invenient,
1365 4683 1419 4770 qui
1441 4683 1472 4750 in
