3554 5832
321 559 383 618 362
629 547 965 615 PHILOSOPHIAE
988 548 1256 616 NATURALIS
1322 547 1596 628 [MonCoaroa.

320 723 464 802 LXXI.)
509 722 553 786 Et
566 719 783 804 componendo
797 720 853 784 fiet
867 740 987 782 summa
999 719 1227 796 attractionem,
1237 717 1298 782 lroc
1307 729 1355 784 est
1368 717 1510 784 attractio
1524 739 1601 784 cor·

318 829 439 916 pusculi
453 830 486 893 in
501 828 655 913 sphaeram
670 839 776 904 totam,
793 827 827 890 in
841 826 950 890 eidem
964 826 1093 890 ratione.
1138 826 1181 901 Q.
1196 849 1223 888 e.
1239 825 1270 888 d.

363 938 459 1000 Corol.
479 943 507 998 1.
532 933 621 998 Hinc
634 933 667 995 in
681 931 851 1016 aequalibus
865 929 1019 994 distantiis
1033 953 1053 993 a
1066 931 1180 994 centris
1188 930 1452 1016 homogenearunr
1462 929 1603 1016 sphoera-

318 1063 388 1104 rum
403 1040 600 1104 attractiones
615 1051 688 1102 suut
701 1050 737 1102 ut
749 1037 892 1122 sphaerae.
937 1037 1021 1100 Nam
1035 1041 1104 1121 (per
1120 1039 1215 1120 Prop.
1229 1036 1389 1118 LXXIL)
1406 1038 1431 1099 si
1445 1037 1605 1104 deense

320 1157 393 1210 sunt
405 1143 653 1229 proportionales
668 1142 826 1208 diametris
841 1141 1044 1226 sphaerarum,
1066 1141 1147 1204 vires
1169 1153 1261 1204 erunt
1283 1153 1318 1204 ut
1339 1141 1493 1206 diametri.
1535 1142 1604 1208 Mi-

320 1263 435 1318 nuatur
449 1252 594 1316 distantia
608 1252 707 1336 major
720 1249 754 1312 in
768 1248 821 1312 tut
835 1249 972 1324 ratione3
994 1260 1035 1323 et,
1051 1247 1203 1312 distantiis
1219 1248 1286 1331 jam
1307 1246 1395 1312 factis
1417 1249 1602 1334 equalibus,

319 1358 482 1445 augebitur
496 1356 638 1421 attractio
651 1357 685 1418 in
700 1353 856 1440 duplicati
872 1353 924 1416 illis
939 1354 1076 1428 ratione3
1098 1352 1230 1438 ideoque
1245 1353 1304 1416 erit
1324 1353 1366 1416 ad
1386 1353 1605 1420 attractionem

319 1463 447 1528 alteram
462 1463 495 1524 in
510 1461 662 1546 triplicati
676 1460 730 1524 ills
744 1460 873 1536 ratione,
889 1457 950 1522 hoc
963 1471 1021 1546 est,
1037 1459 1070 1521 in
1084 1459 1204 1522 ratione
1218 1457 1420 1542 sphaerarum.

364 1569 462 1632 Cerci.
478 1574 508 1632 2.
532 1567 572 1630 ln
585 1565 738 1630 distantiis
753 1563 910 1650 quibusvis
924 1563 1122 1632 attractiones
1137 1575 1209 1634 sunt
1227 1576 1263 1628 ut
1284 1563 1416 1648 sphaerae
1439 1565 1605 1651 applicatas
1692 1557 1696 1566 ¹

319 1673 357 1757 (²)
373 1671 414 1736 ad
428 1671 579 1756 quadrata
592 1671 818 1736 distantiarum.

363 1781 461 1850 Corol,
478 1790 507 1844 3.
533 1780 568 1845 Si
582 1779 810 1864 corpusculum,
827 1790 915 1842 extra
929 1777 1082 1862 sphaeram
1097 1777 1323 1865 homogenearn
1337 1777 1482 1861 positum,
1505 1777 1606 1842 trahi·

319 1898 370 1950 tur
384 1887 415 1950 vi
428 1885 586 1970 reciproce
608 1883 833 1972 proportionali
855 1884 1007 1971 quadrato
1030 1883 1184 1946 distantm
1207 1905 1272 1946 suae
1298 1883 1339 1946 ab
1361 1883 1458 1967 ipsius
1482 1895 1603 1961 centro,

319 2005 439 2060 constet
452 2005 557 2058 autem
570 1991 693 2078 sphaera
708 2015 748 2057 ex
762 1991 919 2076 particulis
933 1989 1120 2066 attractivis3
1144 1990 1185 2074 (¹³)
1201 1990 1359 2054 decrescet
1372 1991 1418 2054 vis
1440 1989 1602 2073 particulas

319 2103 465 2190 crrjmque
479 2102 512 2164 in
526 2099 681 2184 duplicati
696 2099 815 2164 ratione
829 2097 983 2164 distantiae
998 2120 1017 2161 a
1029 2095 1190 2180 particula.

493 2351 778 2421 PROPOSlTlO
801 2351 944 2419 LXXV.
990 2349 1260 2416 THEOREMA
1283 2349 1433 2415 XXXV.

318 2523 354 2594 Si
365 2527 409 2588 cd
420 2526 545 2607 sptaerae
558 2528 639 2590 dctae
648 2536 762 2610 panda
775 2525 892 2608 singula
906 2523 1030 2587 undant
1050 2523 1126 2586 uires
1146 2523 1271 2604 oeqrtcles
1292 2523 1468 2603 ammiratae,
1493 2522 1607 2584 decres-

361 2641 456 2695 centes
478 2633 512 2695 in
536 2631 688 2714 duplicati
713 2633 830 2696 ratione
855 2629 1063 2692 distantiarum
1088 2648 1109 2690 a
1127 2627 1270 2710 punctisf
1297 2629 1363 2690 dico
1385 2627 1464 2708 quod
1484 2629 1608 2709 sphaera

360 2739 472 2819 quaeois
483 2739 548 2802 alic
561 2740 703 2803 similaris
716 2739 755 2802 ab
769 2735 868 2807 ecdem
882 2735 1047 2800 attrahitur
1061 2736 1092 2798 ci
1105 2729 1251 2815 reciproci
1264 2733 1489 2816 proportionali
1509 2737 1606 2817 quat-

360 2855 428 2910 rcto
441 2847 593 2912 distantiae
606 2859 777 2912 centrosas.

363 3016 447 3082 Nam
463 3017 626 3101 particulae
640 3018 775 3104 cujusvis
789 3017 932 3082 attractio
946 3011 1165 3098 est-reciproci
1186 3025 1220 3076 ut
1245 3013 1431 3099 quadratum
1454 3013 1609 3078 distantiae

317 3146 384 3188 sure
400 3149 420 3188 a
434 3136 544 3187 centro
561 3123 692 3208 sphaerae
707 3123 866 3199 trahentis,
884 3127 953 3206 (per
969 3122 1065 3205 Prop.
1081 3119 1258 3202 LXXIV.)
1273 3133 1305 3184 et
1318 3132 1484 3204 propterea
1499 3119 1610 3185 eadem

317 3244 376 3309 est,
395 3253 433 3295 ac
448 3231 472 3293 si
487 3231 533 3296 vis
548 3243 614 3295 tota
628 3229 785 3296 attrahens
799 3241 939 3294 manaret
953 3229 993 3293 de
1008 3229 1192 3314 corpusculo
1207 3230 1299 3292 unico
1314 3230 1375 3292 sito
1388 3229 1421 3291 in
1433 3241 1541 3292 centro
1549 3229 1609 3293 hu-

311 3340 365 3424 jus
381 3337 524 3424 sphaerae.
573 3339 656 3403 Haec
671 3351 774 3402 autem
789 3337 931 3401 attractio
945 3349 1032 3401 tanta
1044 3349 1101 3414 est,
1125 3349 1240 3423 quanta
1254 3335 1335 3401 foret
1346 3337 1481 3402 vicissim
1495 3351 1610 3403 attrac-

317 3447 362 3510 tio
378 3447 557 3532 corpusculi
572 3447 719 3532 ejusdem,
736 3447 762 3510 si
776 3445 871 3510 modo
885 3446 964 3510 illud
978 3470 998 3509 a
1011 3445 1140 3532 singulis
1155 3445 1285 3530 sphoerae
1299 3458 1438 3512 attractae
1447 3447 1608 3530 particulis

319 3553 430 3618 eidem
445 3556 476 3619 vi
490 3554 676 3634 traheretur,
693 3556 752 3644 qui
767 3556 850 3640 ipsas
865 3553 1000 3620 attrahit.
1045 3554 1141 3618 Foret
1161 3565 1265 3618 autern
1287 3555 1342 3618 illa
1364 3555 1536 3641 corpusculi
1558 3566 1608 3620 at-

315 3666 426 3728 tractio
442 3671 512 3748 (per
527 3666 621 3752 Prop.
642 3665 817 3750 LXXIV.)
841 3666 999 3752 reciproce
1016 3668 1256 3752 proportionalis
1278 3669 1430 3754 quadrato
1452 3671 1607 3734 distantiae

316 3795 381 3836 suae
396 3796 416 3836 a
431 3787 539 3838 centro
555 3775 709 3859 sphaeroe3
731 3777 863 3864 ideoque
878 3777 950 3840 huic
965 3775 1093 3861 oequelis
1102 3776 1244 3840 attractio
1254 3776 1388 3860 sphaerae
1395 3789 1444 3843 est
1453 3779 1487 3842 in
1497 3778 1606 3843 eidem

315 3882 443 3946 ratione.
488 3882 524 3967 (ί)
540 3882 583 3959 Q.
598 3906 626 3948 e.
641 3884 672 3946 d.

314 4094 420 4206 'ibwdl
438 4099 605 4174 Ad'qaarlratc
616 4101 784 4152 secutarum.
804 4101 951 4166 Numaque·
983 4102 1101 4165 duplicati
1115 4103 1275 4152 distantiarum
1291 4119 1306 4152 a
1323 4105 1442 4180 particulis
1459 4105 1606 4182 (lactesceret3

315 4173 381 4270 ‘cii’
392 4163 952 4288 ttttttt‘ttttt‘.tt.‘t0tttt
983 4167 1607 4302 iiiffiffllfflffiiiiffffl

315 4293 343 4331 ut
355 4286 470 4347 quadrata
481 4289 644 4367 distantiarum
653 4308 668 4339 a
678 4293 762 4338 centris
772 4291 886 4366 reciproce
898 4296 950 4358 (per
982 4294 1064 4342 tioaali
1076 4294 1188 4358 quadrato
1198 4295 1314 4342 distantiae
1324 4311 1339 4342 a
1349 4305 1429 4344 renuo
1438 4297 1541 4355 sphaere.

316 4347 393 4424 Prop.
408 4350 461 4425 ⁷⁴5)
495 4353 576 4407 Quare
591 4356 732 4430 ransnu'bus
750 4357 845 4418 sphuns
861 4365 885 4403 et
902 4357 948 4404 dis·
1013 4357 1047 4422 (⁸)
1064 4362 1078 4390 ⁰
1099 4361 1125 4412 Q.
1138 4375 1158 4406 e.
1170 4361 1192 4406 d.
1229 4359 1402 4406 Demonstratio
1420 4359 1505 4406 clarius
1521 4359 1608 4407 intelli-

314 4413 396 4458 tanuls
417 4414 496 4488 stmul,
519 4427 666 4465 attractiones
686 4427 742 4466 sunt
757 4429 785 4467 ut
806 4421 902 4480 sphera
918 4421 948 4468 ad
980 4421 1044 4484 gitur
1059 4421 1162 4482 appositi
1178 4421 1261 4484 ligura
1303 4422 1397 4480 Sphssra
1410 4423 1432 4469 A
1445 4424 1558 4482 sphaeram
1576 4423 1607 4469 si-

315 4475 431 4537 quadrata
442 4477 605 4558 distantiarum
616 4483 744 4544 applicate.
981 4485 1086 4532 milarem
1111 4485 1133 4532 B
1154 4488 1259 4542 duchat,
1281 4493 1305 4532 et
1329 4485 1363 4532 vis
1387 4485 1533 4533 accelerstrix
1560 4485 1608 4549 qui

347 4538 384 4601 θ)
406 4544 418 4568 ·
438 4541 558 4616 Decnseet
579 4562 611 4593 ors
625 4549 748 4608 particule
767 4547 882 4624 opusque,
905 4548 948 4595 &c
982 4549 1078 4608 sphaere
1098 4549 1120 4596 B
1138 4549 1252 4608 particula
1270 4549 1356 4612 quens
1376 4549 1399 4596 Ρ
1415 4549 1441 4595 in
1459 4559 1567 4596 centrum
1586 4551 1608 4597 C

317 4601 382 4676 Nam
395 4617 452 4650 cum
464 4619 500 4652 vra
509 4609 627 4656 anmcuix
643 4610 748 4660 absalme
763 4612 885 4672 qmutrtatl
900 4625 951 4658 ma·
982 4613 1077 4671 epam
1091 4613 1113 4658 Α
1124 4622 1222 4674 urgetur
1238 4621 1274 4660 est
1289 4611 1405 4673 reciproci
1422 4621 1449 4659 nt
1467 4612 1608 4673 quadratum

315 4673 381 4710 wne
392 4669 576 4744 proportiourdis
585 4683 737 4747 supponatur,
754 4675 818 4721 sivla
827 4675 950 4735 particula-
982 4675 1096 4722 distantia
1116 4675 1170 4722 ΡΟ
1187 4691 1202 4722 a
1219 4685 1300 4722 centro
1316 4677 1411 4736 sphera
1428 4675 1538 4722 uslscnfis
1555 4679 1610 4738 (per

317 4741 371 4774 rum
383 4732 481 4790 cplrarae
491 4747 517 4780 nr
528 4735 610 4798 majori
624 4737 662 4784 vel
676 4737 761 4786 minori
776 4741 864 4786 ratione
880 4753 951 4804 quam
985 4737 1055 4800 Psop.
1068 4739 1122 4800 rt.)
1139 4747 1163 4785 et
1178 4737 1298 4800 properet
1312 4739 1393 4788 eadctu
1404 4739 1505 4788 emaci
1515 4739 1550 4787 ris
1560 4750 1610 4788 tota
