3580 5866
327 539 348 595 6
650 523 992 596 PHILOSOPHIAE
1009 521 1279 587 NATURALIS
1434 523 1623 602 [Dentur.

327 703 400 781 uun,
416 701 476 789 qui
493 721 606 786 corpus
621 701 655 764 in
668 702 743 766 dato
757 702 866 786 quovis
881 701 957 764 orbe
972 700 1044 765 deti
1060 721 1130 763 curn
1146 701 1307 765 velocitate
1321 702 1464 768 accurate
1485 703 1626 769 retineri

326 813 449 897 possita
466 824 500 875 et
515 811 651 875 vicissim
672 811 812 874 invenire
838 811 919 872 viam
943 809 1153 886 currilineam
1179 811 1211 873 in
1237 833 1331 896 quarn
1354 833 1468 896 corpus
1493 833 1512 874 e
1537 811 1623 876 dato

327 919 520 1007 quovisloco
534 918 606 982 dats
622 939 694 981 cum
709 917 870 982 velocitate
885 937 1042 1003 egressum
1057 939 1075 980 a
1090 917 1162 980 daut
1183 917 1212 978 vi
1234 918 1383 983 flectatur.
1429 919 1488 983 Est
1509 931 1627 982 autem

235 1011 241 1024 ⁸
325 1029 371 1092 vis
387 1026 480 1114 hujus
495 1027 676 1111 centripetoe
691 1028 846 1110 quantitas
869 1026 963 1089 trium
984 1047 1144 1112 generum,
1170 1025 1321 1106 absoluta,
1348 1027 1560 1105 acceleratrix,
1581 1039 1626 1092 et

325 1139 451 1202 motrix.

776 1285 1025 1352 unsrurrro
1048 1285 1106 1350 vr.
1131 1287 1170 1371 (ε)

332 1443 385 1506 Vis
398 1441 572 1521 cmmpetae
586 1441 742 1522 quantitas
756 1437 892 1502 absoluto
909 1449 951 1501 est
964 1460 1100 1502 musana
1116 1438 1241 1520 cjacdcm
1263 1439 1360 1524 major
1381 1443 1428 1504 vel
1447 1441 1544 1504 minor
1551 1463 1625 1524 pro

414 1551 553 1636 ffcacia
562 1570 660 1612 causac
673 1571 738 1611 eom
747 1549 952 1632 propagantis
966 1571 987 1610 a
1001 1557 1102 1610 centro
1112 1569 1172 1630 per
1185 1550 1320 1632 regiones
1335 1551 1368 1610 in
1382 1551 1516 1612 circuitu.

372 1701 419 1765 Ut
432 1701 478 1762 vis
495 1699 668 1788 magnetica
682 1721 741 1784 pro
755 1699 838 1763 mole
852 1700 1004 1788 magnetis
1016 1699 1065 1764 vel
1079 1698 1254 1763 intensione
1263 1698 1383 1762 vimutis
1394 1700 1495 1784 major
1505 1699 1539 1763 iu
1550 1721 1626 1766 uno

326 1819 480 1898 magnete,
497 1810 600 1874 minor
614 1810 647 1872 in
662 1807 733 1872 olio.

769 1982 1019 2050 DEFlNlTlO
1044 1981 1176 2067 v11.(¹¹)

332 2135 385 2200 Vis
398 2136 571 2217 centripetae
584 2135 741 2218 qrmntitos
755 2135 955 2196 accelerutric
977 2143 1020 2196 est
1043 2135 1137 2215 ipsun
1156 2153 1292 2196 mentm
1316 2133 1468 2196 velocitati
1485 2153 1628 2214 propor-

582 2305 586 2310 .
682 2242 816 2316 timmlis,
834 2261 922 2324 quam
939 2241 1012 2303 duto
1026 2249 1158 2338 ternpore
1167 2249 1302 2324 generat.

372 2387 430 2454 Uti
444 2388 543 2451 virtus
558 2387 713 2473 magnetis
728 2387 867 2471 ejusdem
881 2388 982 2472 major
997 2389 1030 2450 in
1057 2385 1173 2449 minori
1194 2385 1351 2461 distentis,
1375 2385 1478 2450 minor
1497 2386 1530 2448 itt
1552 2406 1629 2448 ms-

323 2497 406 2581 jori:
429 2495 480 2560 vel
494 2496 540 2559 vis
555 2495 712 2583 gravitnns
728 2496 828 2579 major
850 2495 884 2558 in
904 2494 1045 2572 vallibus,
1068 2495 1172 2556 minor
1193 2494 1227 2558 in
1253 2493 1463 2558 cacuminibus
1486 2491 1631 2556 altorum

328 2605 492 2680 montium,
508 2617 601 2689 atque
616 2603 720 2666 adhuc
734 2604 839 2665 minor
855 2607 906 2686 (ut
919 2602 1050 2686 posthac
1064 2601 1196 2686 patebit)
1219 2602 1252 2663 in
1273 2599 1443 2685 majoribus
1467 2599 1631 2664 distantiis

329 2738 348 2776 n
361 2713 457 2800 globo
472 2725 584 2787 terrae3
607 2713 641 2774 in
655 2710 827 2794 aequalibus
848 2721 952 2773 autem
974 2709 1129 2773 distantiis
1151 2707 1260 2771 eadem
1284 2707 1431 2792 undique,
1454 2721 1633 2791 propterea

329 2875 444 2938 attium
460 2872 545 2922 ddude
555 2873 616 2922 cirotl
631 2889 683 2922 eam
699 2874 837 2932 revolvatur,
853 2875 960 2922 tandem-
991 2875 1099 2923 cennalis
1109 2891 1151 2922 seu
1163 2875 1196 2922 ris
1206 2876 1313 2924 centralis
1323 2876 1438 2938 quantitas
1448 2879 1561 2940 alrsolun,
1581 2879 1633 2928 erit

330 2955 377 3002 que
387 2941 412 2988 iu
427 2937 547 2986 inficimus
564 2939 637 2986 abeat.
675 2938 709 2986 Ut
727 2937 799 3000 igitur
817 2953 902 3000 corpus
918 2955 961 3000 per
991 2939 1170 3001 proportionalis
1180 2939 1305 2987 intensioni
1316 2941 1385 2988 visin
1397 2941 1633 3020 singtiliselernentia

330 3011 417 3050 rectam
430 3003 453 3050 Ε
467 3001 495 3059 F,
507 2999 561 3048 dart
578 3001 698 3050 velocitsts
712 3003 848 3062 projectum,
865 3017 959 3050 curnam
992 3004 1127 3060 existentm
1143 3018 1215 3065 quare
1226 3004 1367 3052 variantibus
1377 3021 1452 3054 massa
1463 3017 1487 3054 st
1502 3006 1525 3054 vi
1542 3007 1631 3070 singu·

331 3066 410 3114 datam
423 3067 445 3114 Ε
459 3067 486 3120 Q,
498 3065 618 3122 describat,
636 3075 699 3114 certa
716 3081 743 3114 ac
760 3065 913 3114 determinata
928 3067 962 3112 vis
994 3067 1071 3114 lorum
1082 3067 1258 3122 elensentomm,
1276 3067 1310 3114 ris
1325 3065 1434 3116 cents-alis
1449 3071 1567 3132 quantitas
1585 3074 1631 3119 ab·

332 3130 459 3192 centripeta
474 3129 615 3191 requiritur-3
632 3139 656 3178 et
672 3129 786 3178 vicerersi
804 3129 859 3178 dact
876 3130 961 3176 veloci·
993 3131 1069 3178 soluta
1080 3130 1155 3178 eritin
1166 3132 1254 3178 ratione
1268 3131 1395 3192 compositi
1409 3147 1492 3180 massa
1508 3143 1531 3180 et
1546 3133 1631 3184 inten-

332 3204 380 3242 tatc
390 3192 520 3242 secundum
531 3202 618 3240 rectam
630 3193 653 3240 E
665 3209 680 3239 e
689 3209 731 3240 eeu
744 3193 767 3240 Ε
781 3193 807 3247 F.
827 3203 851 3241 ot
868 3195 890 3240 ri
907 3209 964 3242 oen·
995 3194 1066 3241 donis
1076 3195 1111 3242 ris
1121 3195 1145 3242 in
1156 3194 1255 3256 singulis
1265 3196 1385 3242 elementis
1395 3197 1529 3258 aequalibus.

332 3257 415 3318 tripetl
436 3257 507 3304 etiam
529 3255 591 3312 dau,
617 3271 703 3317 empus
723 3257 815 3304 nonnisi
832 3267 920 3304 certain
937 3273 964 3305 ac
1029 3258 1065 3322 (¹¹)
1079 3263 1116 3306 ts.
1133 3259 1157 3306 Si
1167 3259 1202 3304 vis
1212 3259 1319 3305 centralis
1330 3273 1378 3305 non
1389 3259 1489 3320 amplius
1499 3261 1524 3307 in
1535 3271 1631 3321 centro,

333 3321 510 3368 &minatam
525 3334 622 3368 matram
641 3321 665 3368 Ε
685 3321 802 3380 ontest
821 3319 964 3378 describero3
996 3322 1036 3368 sed
1045 3322 1069 3368 in
1077 3320 1335 3384 quicumqueacentto
1343 3322 1450 3370 distantiis
1458 3323 1630 3383 consideremr,

337 3385 593 3436 enumerationum
608 3394 645 3432 est
660 3400 689 3432 er
709 3383 767 3432 datia
785 3384 905 3432 velocitate
923 3400 965 3446 per
996 3400 1121 3446 possumus
1132 3386 1157 3432 in
1167 3385 1236 3432 variis
1247 3385 1408 3434 illisacentro
1418 3387 1532 3434 distantiis
1542 3403 1631 3450 super.

334 3459 469 3512 tangentem
482 3449 505 3496 Ε
518 3447 573 3496 Fet
583 3449 653 3496 curvi
665 3449 688 3495 Ε
702 3449 807 3510 Qquam
817 3463 901 3508 corpus
912 3447 964 3496 des-
975 3443 979 3451 “
996 3448 1061 3496 ficies
1071 3449 1193 3508 sphrericas
1211 3449 1300 3511 lingere
1311 3465 1410 3512 quorum
1428 3466 1555 3498 commune
1571 3469 1631 3500 oen·

335 3513 409 3567 cribit.
421 3512 525 3560 invenire
535 3511 582 3558 rim
598 3511 756 3572 ceonipetam
772 3511 820 3573 qui
830 3528 844 3558 a
854 3521 964 3574 tangente
995 3521 1058 3559 uum
1069 3513 1098 3558 sit
1107 3513 1140 3574 T,
1151 3522 1175 3560 et
1184 3512 1219 3558 vis
1229 3513 1336 3562 centralis
1352 3514 1376 3560 in
1393 3513 1438 3560 illis
1453 3515 1570 3562 distantiis
1587 3533 1631 3565 seu

336 3577 460 3624 retrahitur
470 3585 494 3623 et
504 3576 529 3623 in
539 3574 615 3623 orbiti
625 3575 668 3623 sui
678 3576 797 3632 retinetur,
815 3584 839 3622 et
851 3573 966 3636 reciproce
978 3577 1163 3636 ¹'superficiebus
1184 3576 1301 3636 sphrericis
1321 3577 1470 3632 consumta,
1489 3579 1578 3628 dicitur
1594 3583 1632 3630 vis

336 3655 366 3687 ex
377 3639 431 3688 dani
441 3639 562 3687 velocitate
571 3648 755 3702 perungentem
762 3651 786 3686 et
795 3639 819 3686 ri
829 3638 964 3700 centripetir,
996 3639 1149 3687 acceleratrir.
1194 3639 1264 3688 Illius
1280 3650 1359 3688 eutem
1378 3641 1493 3702 quantitas
1511 3643 1556 3690 erit
1574 3659 1631 3705 pro.

337 3704 561 3762 cummimeuire5
578 3717 632 3782 qua·
642 3703 691 3752 duo
708 3704 838 3750 Nerrtcnus
853 3703 913 3750 miris
928 3719 964 3752 sa-
995 3703 1131 3763 portionalis
1152 3702 1263 3752 celeritati
1280 3721 1351 3767 quarn
1371 3704 1427 3753 dato
1444 3721 1486 3752 seu
1505 3718 1632 3756 conmenta

337 3767 437 3831 garitate
446 3777 471 3814 et
480 3766 595 3830 elegantia
606 3767 709 3828 perfecit.
997 3776 1100 3826 tempore
1110 3767 1134 3814 in
1145 3767 1244 3830 singulis
1259 3769 1361 3816 materiae
1378 3768 1498 3816 elementis
1515 3786 1529 3817 a
1546 3781 1631 3820 centro

369 3831 404 3896 (⁸)
423 3836 460 3879 tn.
480 3831 512 3878 ln
523 3840 602 3878 centm
614 3830 637 3880 Τ
647 3830 745 3879 existere
754 3841 899 3892 sttpponatur
914 3847 966 3880 aor-
997 3831 1197 3892 aequidistantibus
1212 3831 1340 3890 pmduoet;
1358 3847 1413 3879 narn
1429 3833 1448 3879 si
1465 3849 1631 3894 supponamus

336 3895 706 3958 puaexquoperomnespatium
713 3895 905 3952 diffundaturvis,
912 3911 965 3958 qrroe
997 3895 1044 3941 vim
1055 3894 1120 3942 illem
1130 3905 1274 3944 constantem
1285 3895 1309 3942 in
1321 3896 1434 3944 elementa
1450 3897 1555 3945 materias
1573 3915 1632 3948 con.

333 3965 401 4024 juata
411 3959 561 4006 direcdoncm
568 3958 686 4006 radiemur
696 3960 718 4007 A
728 3960 758 4016 T,
769 3959 791 4006 E
802 3959 830 4016 Τ,
840 3959 867 4006 Η
876 3960 905 4014 Τ.
914 3974 965 4007 rer·
997 3957 1065 4007 tinud
1075 3974 1151 4022 egere.
1163 3974 1191 4006 eo
1200 3960 1275 4021 major
1286 3961 1330 4008 erit
1339 3975 1387 4022 quo
1397 3962 1471 4024 maj0r
1486 3961 1530 4008 erit
1541 3962 1630 4010 veloci.

335 4024 375 4072 sis
382 4033 497 4080 ceruum,
508 4032 550 4070 aut
557 4031 660 4070 acentro
667 4022 747 4070 tersia
754 4023 965 4084 spatiacircumpo-
996 4031 1032 4070 tas
1042 4022 1097 4071 dato
1107 4033 1211 4083 tempore
1221 4023 1308 4085 genita,
1319 4025 1353 4070 ita
1360 4024 1418 4071 utsi
1429 4035 1532 4085 tempore
1540 4027 1629 4088 oequsli

335 4085 613 4152 transcensionem
619 4085 745 4143 radiorum,
755 4087 777 4134 T
786 4087 816 4140 A.
826 4087 848 4133 T
857 4087 888 4141 E,
897 4088 920 4135 T
929 4085 963 4141 Η,
996 4086 1071 4146 dupla
1080 4095 1205 4149 generetur
1214 4087 1331 4144 velocitas,
1343 4087 1415 4148 dupla
1430 4103 1523 4150 quoque
1541 4091 1573 4138 sit
1584 4091 1627 4148 vis,

335 4163 407 4216 ιρις
425 4152 450 4198 ln
462 4150 498 4198 1⁰.
510 4165 567 4198 casu
582 4151 617 4198 ris
631 4150 673 4198 illa
687 4149 821 4210 centipeta,
839 4149 864 4196 in
874 4149 911 4198 2⁰.
930 4151 966 4198 ris
996 4165 1052 4198 cusu
1067 4149 1175 4198 velocitas
1189 4150 1231 4198 illa
1246 4151 1277 4198 rit
1290 4151 1354 4198 illius
1369 4151 1403 4197 vie
1418 4153 1516 4200 effectus
1531 4155 1623 4214 plenus.

336 4217 475 4278 centriloga
487 4215 512 4262 in
522 4221 622 4276 utroque
632 4214 668 4260 vis
678 4213 786 4261 cennalis
796 4213 889 4262 dicatu.
1000 4213 1025 4261 Si
1035 4221 1143 4262 onustam
1158 4223 1252 4262 maneat
1270 4214 1374 4262 celeritas
1391 4231 1406 4263 a
1424 4217 1447 4262 ri
1466 4217 1626 4266 accelerattr’cc

370 4281 433 4327 Hes
443 4279 477 4326 tis
487 4279 512 4324 in
523 4287 603 4325 centro
612 4277 756 4326 confldcrata
766 4277 855 4337 duplici
870 4293 965 4337 preser-
997 4278 1085 4340 genita,
1097 4277 1141 4325 erit
1150 4279 1186 4324 ris
1201 4279 1226 4324 in
1242 4279 1332 4326 ratione
1346 4279 1437 4326 inversi
1452 4281 1562 4341 temporis
1577 4297 1626 4342 quo

338 4343 381 4390 tim
392 4343 480 4390 ratione
490 4342 578 4390 varius
588 4350 680 4403 potem
699 4341 723 4388 Si
735 4341 797 4388 enirn
808 4355 894 4400 corpus
902 4341 966 4404 quod
984 4341 1104 4389 celeritas
1113 4341 1155 4388 illa
1165 4341 1307 4402 producitur,
1320 4343 1406 4390 namsi
1422 4344 1503 4390 eadem
1520 4345 1624 4392 celeritas

338 4417 444 4454 ceruum
455 4415 560 4467 occupat,
569 4415 594 4454 et
603 4404 643 4454 cui
653 4405 688 4451 ris
698 4405 766 4462 ineat,
777 4405 803 4451 in
815 4419 858 4452 sua
868 4405 966 4467 aqualia
997 4413 1101 4466 tempore
1122 4405 1239 4466 subdupla
1259 4405 1408 4466 producatur,
1430 4407 1465 4453 uia
1482 4407 1620 4468 duplicatur.

336 4469 452 4518 elementa
460 4469 561 4516 divisum
570 4469 722 4533 intelligam,
733 4477 758 4516 et
773 4468 853 4516 vla-sit
868 4469 966 4532 singulis
999 4470 1080 4526 Quare
1090 4469 1110 4516 si
1120 4481 1230 4518 manente
1240 4471 1262 4516 ri
1272 4479 1399 4525 constante.
1416 4470 1521 4518 celeritas
1530 4481 1554 4518 et
1564 4481 1623 4518 tern-

337 4534 457 4582 elementis
467 4534 563 4594 qualia
577 4533 727 4596 ejusdunqus
742 4541 874 4580 comum
889 4533 966 4582 inten-
986 4534 1144 4593 -pusvarient,
1154 4533 1391 4581 eritrisacoeleratrix
1401 4533 1522 4582 iuratione
1529 4549 1624 4596 compo-

337 4598 424 4656 aioniss
440 4598 475 4644 ris
484 4597 557 4644 totius
566 4598 668 4658 corporis
677 4595 793 4652 oenualis,
807 4611 848 4644 seu
865 4597 900 4646 sia
909 4611 964 4644 cen-
995 4595 1040 4644 titt
1050 4611 1079 4644 ea
1086 4595 1172 4644 directi
1183 4595 1305 4645 celeritau‘a
1315 4598 1400 4659 genitae
1407 4607 1431 4644 et
1438 4599 1552 4658 reciproci
1564 4609 1623 4644 tem.

338 4661 402 4708 tsalis
412 4660 529 4723 quantitas
538 4661 650 4716 absoluta,
668 4661 711 4709 erit
720 4675 802 4708 mure
813 4676 854 4708 seu
864 4676 964 4709 summae
983 4661 1064 4720 poris.
1084 4661 1110 4708 θ’
1117 4660 1379 4722 igimrrisacocleratrit
1386 4661 1483 4714 dicatm,
1494 4662 1531 4717 G;
1543 4661 1623 4710 celeri·

338 4725 507 4772 elentantorum
529 4725 711 4784 proportionalia.
758 4726 793 4772 Ar
814 4725 834 4772 si
854 4735 964 4773 manate
994 4721 1498 4786 tasptoduttacnempusquoproducitur,
1508 4725 1538 4782 Τ,
1546 4726 1622 4774 eritG

338 4787 742 4847 etdemaorpon‘soantral'nmusl,
759 4788 794 4836 vis
809 4803 964 4848 superma·
995 4788 1083 4836 =C=
1099 4789 1128 4844 Τ,
1145 4788 1327 4844 stoke,
1344 4788 1498 4836 etT=C:
1515 4790 1547 4837 G.
1581 4789 1623 4838 Ll-

336 4851 515 4966 irtnqnuqdoequalia
534 4851 560 4964 igr
572 4851 617 4962 eqiu
651 4851 681 4898 lis
699 4851 981 4966 eletnentrqmarqualibus¹
997 4851 1212 4964 quqtemggnriet
1228 4850 1529 4964 viamacsgegltsisqueadem
1546 4861 1621 4901 tumen

424 4929 571 4964 eamr
719 4929 788 4975 t‚sss
865 4931 967 4977 eorporis
1047 4929 1112 4964 trus
1182 4929 1242 4972 ntra,
1385 4930 1417 4964 en
1472 4931 1621 4966 nascemsea
