3554 5832
363 469 424 525 850
613 523 616 528 ,
659 459 999 528 PHILOSOPHlAE
1023 462 1292 528 NATURALIS
1357 463 1640 553 [armenam.

357 633 656 718 *min
666 635 840 700 fflu
851 645 924 700 ante
938 635 1086 720 syzygias,
1100 657 1138 698 ac
1152 635 1297 700 desinunt
1311 635 1432 700 tralrere
1444 659 1555 721 aquam
1566 659 1641 702 sur-

358 759 427 802 stmr
442 739 656 823 incipirmtque
669 739 797 805 trabere
807 761 925 824 ειμι
934 739 1083 807 dem
1095 741 1133 804 ἢ
1141 740 1317 808 mrbus
1328 753 1400 826 post
1414 741 1562 827 syzygias.
1595 742 1642 806 Et

358 844 431 908 inde
444 845 581 908 maxima
595 867 685 930 aquae
699 845 831 908 altitudo
844 846 968 910 evenire
981 858 1085 928 potest
1098 847 1131 908 in
1146 845 1323 910 cambus
1340 858 1414 930 p&
1433 847 1586 934 afflicte,
1608 860 1643 912 et

356 953 484 1016 minimo
496 953 531 1016 in
544 952 717 1017 octantibus
732 965 804 1035 post
817 953 1020 1036 quadraturas
1042 952 1183 1028 circiter3
1204 952 1264 1014 nisi
1287 951 1441 1036 quitenua
1461 974 1565 1018 moros
1586 977 1643 1018 as·-

319 1129 322 1140 ,
356 1060 508 1124 uendendi
522 1061 569 1124 vel
584 1059 792 1124 descendendi
814 1059 854 1122 ab
875 1059 924 1123 bis
950 1059 1064 1122 viribus
1085 1059 1252 1142 impressus
1273 1057 1323 1120 vel
1344 1079 1400 1141 per
1424 1059 1486 1120 vim
1508 1059 1638 1124 insitam

355 1190 445 1253 aquae
459 1167 553 1252 paulo
567 1167 682 1234 diutius
703 1169 888 1251 perseveret,
904 1167 954 1232 vel
967 1189 1025 1251 per
1038 1166 1260 1250 impedimenta
1272 1165 1352 1232 alvei
1366 1165 1460 1250 pauld
1473 1167 1562 1232 citius
1577 1170 1638 1232 sis-

354 1289 447 1342 tatur.
534 1319 539 1332 x
1555 1313 1558 1321 ’

398 1385 494 1447 Comi.
511 1392 560 1447 st.
583 1384 705 1450 Eidem
720 1383 926 1470 rations5qub
940 1383 1070 1448 materia
1090 1382 1175 1470 globi
1194 1385 1285 1468 juxta
1307 1393 1495 1468 aequatorem
1519 1383 1636 1450 redun-
1754 1367 1755 1428 l

233 1465 240 1472 ¹
351 1489 429 1553 dans
444 1491 537 1556 efficit
550 1506 585 1557 ut
597 1493 674 1558 nodi
688 1493 913 1580 regrediantur,
930 1505 1023 1576 amue
1044 1490 1118 1556 ideo
1138 1511 1196 1574 per
1217 1489 1309 1574 hujus
1331 1490 1555 1556 incrementum
1577 1515 1635 1556 au-

349 1609 441 1682 getur
456 1596 514 1662 iste
528 1619 697 1686 regressus,
713 1622 770 1684 per
783 1599 1021 1664 diminutionem
1035 1597 1110 1662 verb
1121 1597 1312 1674 diminuitur,
1330 1608 1361 1660 et
1373 1619 1431 1680 per
1444 1598 1634 1663 ablationem

349 1703 490 1780 tullium
511 1704 1635 1792 (¹)aimhplufflmrubmdsnstollutur,boeaetsiglobusjuxta

349 1813 602 1898 manvei
616 1813 965 1898 depreseimraddsbrr,
980 1812 1030 1878 rel
1044 1812 1144 1876 rarior
1163 1833 1258 1897 quam
1275 1813 1367 1896 juxta
1388 1812 1488 1896 polos,
1513 1815 1634 1878 orietur

348 1930 451 1981 motus
465 1919 621 1982 nodorum
634 1919 668 1982 in
683 1921 910 2005 consequentia.
1096 1985 1099 1994 ,

392 2025 490 2086 Omni.
506 2031 558 2087 22.
582 2023 624 2088 Et
641 2023 715 2088 inde
736 2025 882 2101 vicissim,
909 2046 949 2088 ex
973 2037 1062 2088 motu
1085 2021 1241 2088 nodorum
1263 2023 1427 2086 innotescit
1449 2023 1629 2086 constitutio

346 2127 441 2213 globi.
486 2129 643 2193 Nimirum
662 2130 688 2192 si
701 2129 813 2218 globus
827 2130 918 2214 polos
932 2129 1058 2194 eosdem
1080 2140 1257 2192 constanter
1281 2143 1392 2206 servat,
1413 2145 1444 2192 et
1465 2131 1565 2194 motus
1589 2130 1629 2192 lit

346 2235 380 2296 in
395 2233 617 2312 antecedentia,
633 2236 764 2298 materis
771 2237 865 2320 juxta
884 2248 1075 2320 tequatorem
1097 2233 1269 2310 redundat3
1293 2235 1320 2298 si
1341 2235 1375 2296 in
1398 2237 1627 2319 consequentia,

346 2341 460 2406 deficit.
506 2341 594 2408 Pone
607 2342 735 2429 globum
750 2341 936 2406 uniformem
951 2354 982 2404 et
994 2339 1130 2424 perfecte
1146 2341 1326 2404 circinatum
1347 2341 1381 2404 in
1402 2341 1509 2424 spatiis
1523 2341 1628 2427 liberis

344 2451 447 2533 primo
462 2450 643 2536 quiescere3
664 2449 738 2514 dein
759 2449 877 2534 impeto
902 2471 1088 2535 quocunque
1111 2448 1237 2534 oblique
1262 2450 1294 2512 in
1320 2451 1516 2534 superficiem
1541 2473 1630 2514 suam

342 2556 427 2620 facto
441 2558 583 2642 propelli,
599 2570 632 2623 et
645 2571 764 2622 motum
778 2559 852 2624 inde
873 2557 1036 2642 concipere
1052 2559 1092 2641 (¹)
1107 2558 1222 2642 partim
1244 2557 1435 2635 circularem,
1459 2559 1574 2644 partim
1595 2560 1629 2622 in

342 2663 504 2729 directum.
550 2665 709 2741 Quoniam
723 2666 834 2752 globus
849 2666 907 2730 iste
922 2664 963 2728 ad
977 2685 1052 2728 axes
1067 2685 1174 2727 omnes
1188 2685 1246 2747 per
1267 2675 1407 2726 centmm
1430 2685 1521 2727 suum
1543 2677 1628 2749 uan-

342 2781 464 2836 seuntes
479 2769 690 2838 indifferenter
698 2795 732 2836 se
742 2771 846 2849 habet,
859 2792 960 2854 neque
970 2769 1156 2854 propensior
1167 2770 1257 2833 estin
1266 2789 1363 2832 unum
1375 2791 1476 2846 axem,
1489 2793 1629 2836 unumve

339 2877 407 2940 exis
420 2876 521 2953 situm,
534 2878 576 2961 (²)
586 2900 678 2962 quam
687 2878 720 2940 in
732 2879 827 2942 alium
838 2876 994 2963 quemvis3
1009 2875 1209 2960 perspicuum
1220 2888 1276 2953 est,
1290 2875 1372 2960 quod
1384 2876 1410 2937 is
1421 2897 1511 2938 axem
1520 2897 1626 2954 suum,

340 2973 469 3066 axisque
483 2981 714 3046 inclinationem
729 2983 760 3046 vi
780 2981 907 3066 proprisi
928 3001 1089 3069 nunquam
1112 2979 1253 3043 mutabit
1298 2981 1337 3061 (ἴ)
1360 2979 1539 3062 Impellatur
1556 2983 1626 3065 jam

338 3089 449 3175 globus
463 3086 597 3172 oblique,
615 3087 648 3150 in
663 3087 774 3152 eidem
787 3088 842 3151 issa
859 3085 1036 3170 superficiei
1057 3101 1157 3168 parte,
1184 3085 1243 3171 qud
1268 3086 1364 3170 prius,
1391 3085 1525 3170 impulsu
1548 3109 1625 3172 quo·

339 3219 460 3282 cunque
473 3217 574 3273 nov03
597 3209 629 3262 et
643 3195 714 3268 crim
729 3197 819 3260 citior
834 3195 884 3259 vel
899 3196 997 3260 serior
1012 3195 1164 3279 impulsus
1179 3194 1321 3258 effectum
1336 3195 1380 3256 nil
1395 3206 1502 3272 mutet,
1525 3197 1624 3260 mani-

337 3389 445 3434 marisua
455 3387 516 3435 mter
525 3388 574 3435 bae
583 3395 671 3448 ponera
679 3384 784 3433 incident
794 3383 843 3432 ferd
852 3383 912 3432 ciret
920 3397 960 3431 oe·
1027 3379 1063 3444 (l)
1081 3383 1094 3412 ⁰
1112 3380 1306 3441 Impallotarjum
1315 3381 1391 3440 globus
1401 3379 1492 3442 ὠὶίᾳιιὶ,
1508 3383 1533 3429 in
1542 3380 1622 3432 adden

331 3460 421 3498 *tantm
991 3444 1032 3494 illd
1044 3447 1170 3508 nsperfictti
1178 3452 1245 3504 parre
1258 3443 1280 3490 B
1292 3443 1339 3505 qod
1346 3444 1420 3504 pits,
1431 3445 1473 3491 dc.

369 3515 401 3576 (⁸)
419 3517 432 3544 ⁹
451 3519 475 3563 Si
485 3518 577 3564 matam
585 3519 708 3578 plsoqumn
718 3515 956 3565 mandamentorum
1012 3559 1015 3564 r

336 3591 377 3624 seu
395 3577 414 3624 si
429 3579 525 3624 materia
542 3579 673 3626 redundans
689 3578 796 3640 negativa
814 3577 860 3630 flat,
880 3583 958 3622 motus
1316 3578 1351 3646 J)

335 3640 449 3686 nodotum
460 3641 500 3700 qui
511 3654 560 3688 erat
570 3641 595 3687 in
603 3641 768 3696 antecedentia,
777 3641 898 3703 negativus
905 3652 958 3684 ava-

335 3703 382 3759 det,
394 3705 438 3750 hoe
448 3713 490 3758 est,
507 3705 594 3750 orietur
608 3714 686 3751 uranu
702 3705 818 3752 nodorum
835 3704 861 3750 in
878 3715 957 3750 oon*

335 3767 435 3829 quantia.

325 3853 330 3868 ι
367 3831 401 3894 (“)
420 3835 432 3860 ·
451 3831 539 3878 Partim
556 3831 697 3885 abatiam
706 3834 827 3892 partimin
840 3833 957 3879 ἀίτεαιιπι.

336 3893 380 3940 Vis
393 3897 415 3941 Δ
430 3893 451 3940 B
463 3893 509 3955 qui
520 3891 604 3954 globus
616 3893 637 3938 B
651 3893 675 3939 X
689 3894 811 3956 zobtiqus
822 3893 954 3954 impellitur,

333 3957 462 4004 secundum
473 3955 622 4004 directionem
635 3958 657 4002 A
672 3957 699 4008 Β,
713 3959 738 4003 in
748 3957 806 4004 duas
817 3958 876 4004 vires
885 3957 956 4004 resol-

324 4021 401 4076 -vitur,
413 4035 511 4080 quarum
522 4019 592 4066 altera
605 4019 635 4066 ed
651 4030 756 4066 centmm
776 4023 795 4067 C
809 4023 878 4082 juxta
894 4020 954 4068 radl-

332 4097 375 4129 um
388 4085 409 4130 B
424 4085 443 4130 C
454 4083 568 4144 dirigitur,
585 4083 606 4130 ei
617 4093 706 4129 motum
722 4083 785 4144 globi
800 4085 825 4130 in
841 4083 953 4130 directum

332 4147 447 4205 producit,
459 4147 531 4194 altera
540 4146 668 4193 secundum
679 4155 813 4208 tangentem
823 4147 844 4194 B
855 4147 879 4193 D
890 4146 954 4194 radio

321 4243 324 4250 1
336 4210 358 4258 B
371 4211 528 4256 Cnormalem
539 4211 595 4272 agit,
612 4221 635 4256 et
652 4219 743 4256 motum
761 4209 880 4256 rotationis
894 4208 954 4256 circd

332 4287 399 4382 grem
416 4273 486 4334 plano
503 4275 524 4320 Α
540 4275 561 4321 Β
576 4274 601 4322 D
613 4274 670 4320 XC
689 4272 900 4333 parpmdieulnsem
916 4273 952 4318 in-

349 4337 404 4383 ucit.

318 4426 322 4436 ·
365 4399 401 4464 (¹)
419 4401 433 4430 ⁶
461 4403 535 4453 Quom
553 4403 579 4448 io
598 4403 668 4448 oliam
687 4401 803 4462 quatriviae
829 4408 952 4461 numquam

333 4473 411 4510 motus
421 4463 572 4522 imponatur,
583 4465 730 4524 paspieuum
742 4472 775 4510 ert
785 4463 848 4524 quod
858 4463 877 4508 is
885 4478 952 4510 uem

332 4541 402 4573 suum
412 4526 530 4572 rotationis
537 4528 630 4589 erisque
638 4527 810 4574 inclirutionem
818 4525 952 4586 adplenum

331 4589 437 4702 (inoffi
449 4590 562 4652 podtr'ous
578 4590 659 4638 datum
676 4591 699 4638 vi
719 4589 809 4651 proptr
830 4603 951 4652 nunquam

331 4665 374 4700 mu
