3554 5832
185 537 299 602 Lmen
312 532 475 612 Perseus]
541 527 782 596 PRINCIPIA
806 525 1174 610 MATHEMArtcn.
1398 535 1460 592 853

183 731 257 776 nem
270 707 454 784 absulutem,
469 727 540 791 quae
560 707 659 792 magis
676 705 820 792 dirigitur
837 703 871 766 in
887 721 1053 786 corporum
1076 700 1108 764 T
1122 712 1153 764 ct
1168 698 1196 764 P
1210 721 1374 764 commune
1390 721 1462 786 grn-

183 817 285 884 vitetis
299 827 439 882 centrum
454 814 498 892 0,
514 837 606 901 quem
622 814 654 878 in
668 833 781 896 corpus
794 811 964 876 maximum
979 808 1021 886 T,
1036 827 1167 892 quaeque
1181 805 1332 892 quadrato
1347 805 1462 870 disten·

182 924 235 989 tie
259 924 283 990 S
307 921 338 986 Ο
360 921 459 1008 magis
482 931 529 984 est
550 916 789 1003 proportionalis
812 913 979 1000 reciproce,
1010 934 1102 1000 quem
1130 912 1281 998 quadrato
1309 909 1463 978 ἀίειιιιιίιε

185 1031 208 1096 S
223 1029 272 1097 T:
296 1029 334 1113 (⁶)
349 1039 385 1094 ut
398 1049 466 1092 rem
478 1025 684 1114 perpendenti
698 1023 787 1088 facile
800 1021 962 1088 constabit

337 1273 622 1346 PROPOSITIO
645 1271 807 1338 LXVIII.
852 1267 1122 1335 THEOREMA
1145 1267 1311 1334 XXVIII.

181 1451 294 1519 Positis
308 1451 409 1514 iisdem
423 1449 631 1514 anacteum
645 1445 764 1530 legimns,
780 1431 846 1522 dico
859 1443 938 1526 quod
950 1461 1053 1524 corpus
1062 1441 1188 1504 ceterius
1196 1435 1236 1517 ¹8,
1259 1442 1337 1503 circa
1357 1444 1461 1507 interi-

225 1581 305 1624 orron
321 1559 349 1624 P
359 1567 388 1622 et
397 1558 427 1622 T
440 1576 585 1620 commune
594 1553 756 1640 gravitatis
770 1559 898 1612 ceruusm
907 1547 949 1624 Ο,
964 1549 1061 1614 radiis
1074 1549 1117 1610 od
1129 1556 1256 1612 cecum
1271 1549 1346 1612 illud
1359 1549 1461 1625 doctis,

226 1665 362 1729 describit
375 1684 463 1728 creos
476 1660 649 1744 temporibus
662 1657 758 1740 magis
765 1653 1013 1738 proportionales,
1028 1661 1056 1716 et
1070 1651 1165 1714 orbem
1178 1651 1222 1714 ad
1228 1651 1362 1735 smmum
1378 1653 1463 1734 ellip-

225 1793 285 1838 teos
298 1769 461 1834 ombilicum
475 1770 508 1831 tn
522 1777 619 1830 centro
633 1765 729 1830 cedent
744 1760 875 1824 tuomet
895 1759 989 1840 magis
1006 1759 1195 1836 accedentem,
1218 1759 1246 1821 ri
1264 1780 1367 1842 corpere
1391 1761 1456 1822 inti-

225 1899 300 1942 meon
313 1887 342 1940 et
356 1877 510 1940 marimum
524 1875 571 1938 Iis
584 1868 809 1936 attractionihus
817 1867 945 1948 perinde
957 1873 1045 1948 atque
1055 1874 1161 1931 caetera
1175 1867 1315 1950 agitetur,
1336 1889 1421 1950 qnam
1436 1869 1464 1932 si

227 1988 260 2050 id
272 1987 319 2052 vet
332 1991 559 2048 nonottrectrcn
573 1981 712 2064 quiescet,
728 1977 774 2040 nel
787 1969 875 2038 merito
889 1974 982 2056 magis
1004 1981 1058 2036 out
1079 1969 1168 2037 molto
1190 1976 1285 2040 nentes
1306 1985 1463 2040 attractum

224 2101 277 2158 ortt
290 2086 379 2156 mtd
392 2091 485 2174 magis
499 2099 552 2152 etot
567 2085 655 2152 multo
669 2085 763 2149 mines
776 2083 916 2170 agitetur.

229 2265 268 2348 (⁴¹)
291 2263 530 2328 Demonstretur
544 2261 654 2328 codem
668 2259 732 2322 lere
746 2253 841 2320 modo
855 2275 927 2318 cnm
944 2253 1038 2336 Prop.
1054 2255 1179 2320 LXVI.
1202 2259 1258 2322 sed
1279 2271 1463 2346 argumento

180 2371 360 2457 prolixiore,
377 2370 461 2457 quod
483 2371 554 2434 ideo
575 2379 736 2453 proetereo.
783 2361 944 2426 Sufficeret
968 2381 1035 2424 rem
1059 2361 1102 2424 sic
1125 2365 1288 2428 aeetimnre.
1333 2363 1386 2429 Ex
1409 2365 1465 2429 dc·

180 2482 401 2544 monstratione
415 2478 641 2564 Propositionis
650 2475 777 2538 novissi-

180 2607 240 2652 mae
254 2587 351 2673 liquet
364 2599 517 2666 centrum,
529 2588 561 2650 in
571 2583 655 2671 quod
666 2605 779 2666 consus

182 2691 384 2778 Sconjunctis
396 2693 511 2757 viribus
521 2703 659 2780 urgetur,
672 2690 778 2776 prori-
828 2699 850 2764 s

180 2819 266 2862 mum
281 2821 346 2863 esee
360 2799 517 2862 communi
528 2809 635 2862 centro
645 2797 779 2883 gravite-
944 2819 961 2830 ··
980 2821 1001 2832 ··

180 2906 218 2974 tis
230 2908 362 2974 duorum
373 2909 509 2973 illorum.
547 2907 580 2973 Si
592 2907 779 2972 coincideret

179 3011 240 3078 hoc
255 3027 395 3079 centrum
410 3035 482 3078 cum
497 3027 605 3078 centro
619 3013 674 3078 illo
693 3034 776 3076 ccm-

180 3119 277 3196 muni,
293 3133 325 3183 et
339 3121 509 3204 quiesceret
522 3139 686 3182 commune
706 3139 778 3182 cen·

181 3236 265 3288 trum
279 3223 434 3309 gravitatis
449 3243 615 3307 corporum
630 3223 740 3299 trium3
768 3222 977 3288 describerent
991 3247 1103 3309 corpus
1124 3225 1147 3289 S
1167 3245 1207 3288 ex
1229 3222 1290 3287 und
1313 3234 1410 3308 purte,
1434 3231 1466 3285 et

181 3351 347 3395 commune
361 3343 500 3396 centurn
515 3329 647 3396 eliorum
662 3327 796 3394 duorum
813 3349 853 3394 ex
871 3331 966 3396 elteri
986 3345 1085 3417 perte,
1108 3333 1191 3396 circe
1214 3352 1379 3396 commune
1398 3351 1465 3392 cm·

182 3437 270 3501 nium
285 3448 425 3502 centrum
440 3437 613 3522 quiescens,
631 3433 753 3518 ellipses
775 3451 941 3500 accuratas.
988 3439 1024 3521 (θ)
1049 3439 1162 3521 Liquet
1176 3437 1236 3500 hoc
1250 3457 1307 3520 per
1323 3433 1465 3501 Corolla-

224 3627 258 3692 (⁸)
283 3632 297 3662 ⁸
327 3631 358 3680 Ut
377 3645 426 3684 reru
441 3632 587 3692 mmmdertti
598 3627 674 3693 sacili
691 3632 805 3678 mabit·
873 3629 906 3694 (⁶)
925 3634 938 3661 ⁹
962 3631 1139 3679 Derrrortstrntttr
1159 3633 1235 3680 eodem
1247 3629 1303 3694 seri
1324 3634 1396 3688 motio,
1419 3631 1462 3678 dc.

185 3691 248 3740 Nem
258 3693 294 3739 ris
303 3693 465 3740 accelerantem
480 3693 612 3754 composite
629 3691 676 3754 qui
691 3708 774 3753 coruus
792 3693 809 3740 S
843 3693 963 3740 Nimirum
973 3693 1107 3740 resolvendo
1118 3693 1221 3756 singulos
1231 3693 1376 3742 attractiones
1383 3709 1465 3754 corpo-

183 3756 410 3868 ¹qcorpusrillsussTTet
422 3757 441 3804 P
451 3759 547 3832 uehitur
562 3755 657 3830 ἀζταιίο
673 3755 735 3832 cedit
750 3757 810 3804 iuter
840 3757 872 3803 ris
884 3757 901 3804 S
912 3755 990 3868 ιὸιέἱὺι
1003 3757 1058 3803 Pet
1067 3757 1360 3870 Tindadmdmmffiae
1370 3757 1465 3870 ιᾱὴξὶιζ

184 3833 258 3931 diiii
271 3885 288 3932 8
299 3852 329 3941 Il,
340 3821 809 3948 qumiffieididi'fflniiiie
839 3829 962 3930 idrlltnieetoe
970 3830 1169 3944 qgtgtmdqz
1196 3837 1233 3868 m
1339 3836 1380 3870 nm

185 3945 209 3993 'I'
226 3947 315 3994 rtrteds
334 3949 429 4010 paribus
450 3946 525 4009 megis
541 3948 618 3994 trehet
635 3961 706 4009 quum
725 3961 809 4008 corpus
865 3946 906 4010 (θ)
925 3951 938 3978 ⁸
956 3949 1042 4010 liquet
1060 3951 1109 4004 troc,
1121 3948 1163 3996 dre.
1200 3949 1263 3998 Nem
1279 3947 1299 3996 si
1316 3956 1421 3996 centrum
1440 3947 1466 3994 in

184 4008 265 4056 minus
277 4010 309 4072 P)
326 4009 524 4073 quemadmodum
534 4019 642 4058 connum
651 4010 769 4072 gnritntis
781 4010 812 4063 0.
845 4011 908 4072 quod
918 4025 1001 4071 corpus
1014 4011 1030 4058 S
1040 4011 1169 4060 ccn'unetis
1179 4013 1265 4060 viribus
1275 4021 1372 4072 urgetur
1381 4009 1467 4059 coinci-

184 4073 281 4134 μορίαι
291 4084 325 4122 est
335 4075 425 4137 corpori
439 4074 462 4121 Τ
472 4088 542 4136 quem
551 4073 640 4134 corpori
652 4073 689 4132 P;
705 4072 815 4134 preerat
846 4074 911 4122 deret
921 4089 975 4122 cum
985 4083 1065 4122 centro
1077 4027 1100 4122 ii
1111 4075 1228 4137 gravitatis
1237 4074 1356 4122 communi
1367 4073 1468 4122 ducrum

185 4139 485 4193 mumdistcntidST,
500 4137 694 4185 risucreleretrix
712 4137 813 4198 corporis
843 4135 1468 4200 cerporumPetTlnecduoecrporePetTeliip-

188 4199 206 4248 Β
217 4199 296 4248 versut
309 4201 369 4250 Ptu
411 4218 440 4250 ur
450 4201 487 4248 vel
497 4199 642 4258 diminuitis,
655 4200 712 4248 dum
723 4201 812 4248 decres-
845 4217 881 4250 ses
892 4211 1010 4250 sceurntts
1020 4202 1114 4250 seorsim
1125 4201 1279 4249 describerent
1287 4199 1375 4248 cneum
1383 4216 1408 4246 ee
1416 4216 1469 4251 mtt-

185 4263 264 4311 citrei
276 4265 356 4313 eremit
382 4264 473 4315 'mede
486 4265 502 4312 S
515 4263 544 4320 P,
562 4273 586 4311 et
602 4264 707 4312 emitur
724 4263 810 4312 dean-
842 4264 884 4316 md
902 4276 926 4313 et
945 4265 1033 4316 circum
1050 4275 1155 4313 centrum
1172 4263 1232 4312 iilud
1244 4265 1267 4311 0
1288 4267 1340 4326 (per
1352 4263 1428 4312 Cerci.
1444 4269 1466 4310 t.

184 4327 219 4376 tin
232 4329 248 4375 S
262 4327 293 4382 0,
311 4333 409 4392 rugetur
423 4330 461 4376 rel
478 4326 624 4386 diminuere,
643 4337 713 4388 prout
731 4327 811 4376 nescit
844 4327 914 4390 Prop-
928 4330 979 4391 58).
1016 4329 1050 4378 Et
1059 4325 1171 4389 prestercd
1181 4341 1264 4388 corpus
1276 4328 1333 4374 Sex
1343 4327 1392 4374 unt
1405 4337 1469 4388 parte

186 4391 225 4438 vel
236 4391 347 4440 decrescit
359 4391 376 4440 S
386 4393 405 4440 P
414 4412 421 4452 ς
441 4391 521 4448 Queri
532 4392 637 4440 attractio
646 4391 752 4439 absolute
763 4394 815 4456 (seu
847 4401 871 4440 et
880 4392 980 4440 duonum
991 4392 1090 4440 eliorum
1100 4401 1198 4452 system
1208 4399 1319 4452 tanquam
1329 4405 1404 4438 unum
1420 4405 1470 4438 ecr-

186 4455 246 4516 nete)
265 4455 368 4516 eorporis
380 4455 518 4520 Sqtmdratc
536 4455 651 4504 demun
670 4455 686 4502 S
699 4455 722 4506 Ο
741 4453 815 4530 magis
847 4471 891 4515 pue
901 4455 1078 4513 consideratum,
1087 4456 1132 4502 hcc
1142 4465 1183 4510 est,
1195 4469 1276 4502 eonem
1284 4469 1409 4502 commune
1416 4470 1469 4517 gre·

184 4517 366 4579 proportionalis
375 4529 410 4566 est
420 4520 541 4582 reciproci,
553 4533 623 4582 quem
639 4517 751 4580 quadrato
767 4517 814 4566 dte-
845 4519 922 4567 vitetis
932 4531 1037 4568 centrum
1052 4519 1115 4568 ch
1126 4515 1198 4566 unet
1215 4528 1279 4578 perte
1295 4517 1387 4578 ellipse·
1402 4533 1470 4565 eccu-

185 4583 267 4630 trntirr
279 4583 296 4630 S
307 4582 346 4640 '1⁴5
371 4582 465 4641 iusuper
482 4597 607 4632 commune
625 4582 743 4646 genuitatis
759 4597 814 4630 cen·
845 4591 905 4632 ratus
916 4583 1070 4632 describerent
1080 4582 1169 4630 circum
1179 4597 1304 4630 commune
1321 4580 1391 4630 trium
1403 4581 1427 4640 Β,
1440 4581 1469 4636 Τ,

185 4654 251 4692 num
263 4645 286 4694 Ο
297 4645 346 4694 feri
357 4645 452 4707 spectat
463 4656 656 4710 potesttenqtum
664 4655 777 4706 punctum
787 4645 813 4693 in
846 4645 867 4694 P
885 4655 992 4696 centrum
1011 4644 1129 4710 gravitatis
1148 4646 1268 4708 ιιιιίιωιιιι
1283 4649 1336 4722 (ρει
1348 4645 1425 4692 Corol.
1446 4650 1468 4694 2·

186 4723 234 4770 quo
244 4723 366 4769 morum
378 4711 401 4760 Τ
411 4719 436 4757 et
447 4709 469 4758 P
479 4711 538 4760 vires
548 4708 641 4773 physici
652 4709 773 4770 uniuntur.
847 4707 916 4774 Prcp.
931 4711 985 4773 58.)
1020 4707 1094 4766 Quod
1103 4710 1181 4760 adhuc
1191 4707 1276 4760 dedus
1286 4707 1436 4774 intelligetur,
1453 4709 1471 4758 si
1552 4751 1554 4758 .

220 4790 280 4840 Vct..
293 4791 315 4840 1.
820 4793 841 4842 1
