3554 5832
306 555 368 612 ne
448 527 453 539 '
611 533 948 606 ennosoenrm
970 529 1239 596 unrunnms
1313 527 1421 608 [uer.
1437 525 1584 592 mama.

306 723 364 786 erit
376 721 410 782 in
424 717 496 780 doti
510 715 629 779 ratione
643 712 683 776 ed
697 712 818 775 motum
832 707 968 772 medium
991 705 1165 779 nodorum
1187 715 1219 768 et
1243 711 1346 768 motus
1370 712 1501 784 uterque
1523 699 1587 763 erit

308 841 342 890 ut
356 839 476 906 tempus
490 819 683 905 periodicum
697 816 835 900 corporis
851 814 878 878 P
892 811 1008 878 directt
1023 823 1055 878 et
1069 809 1254 896 quadrenm
1276 807 1423 890 temporie
1436 804 1589 888 periodici

308 930 445 1014 corporis
461 927 492 991 T
506 923 636 989 inversi.
682 921 839 1008 lingendo
852 918 902 982 vel
915 917 1086 986 minuendo
1097 915 1360 984 excentrieinoem
1381 923 1414 974 et
1433 909 1590 974 inclineti-

308 1057 400 1099 onem
415 1033 499 1096 orbie
515 1032 542 1094 P
557 1032 588 1094 A
605 1031 634 1094 B
656 1026 689 1112 (¹)
714 1047 778 1090 non
792 1034 951 1092 mutentur
965 1033 1070 1112 notun
1081 1021 1216 1108 engieet
1225 1019 1380 1086 uodonem
1391 1015 1588 1092 sensibiliter,

308 1141 366 1204 nisi
381 1139 434 1204 ubi
448 1137 566 1202 eaedem
580 1145 653 1202 suut
661 1133 758 1200 'nimo
772 1143 904 1217 magne.

314 2067 321 2087 '
358 2071 455 2136 Corol.
475 2075 524 2135 17.
549 2066 630 2130 Cum
645 2075 749 2128 autem
763 2065 845 2128 lineo
860 2066 890 2130 L
906 2065 945 2132 M
960 2087 1043 2130 nuno
1058 2066 1156 2150 major
1172 2069 1214 2132 sit
1224 2089 1309 2132 nunc
1323 2066 1426 2132 nrinor
1441 2091 1531 2154 quom
1541 2090 1593 2132 rn-

314 2175 383 2240 dius
402 2175 429 2239 P
445 2174 485 2250 T,
501 2182 676 2256 exponatur
690 2171 736 2234 vis
750 2171 915 2236 mediocris
931 2171 959 2234 L
975 2171 1015 2236 M
1037 2193 1095 2255 per
1117 2171 1238 2236 rodium
1264 2173 1352 2236 illum
1369 2173 1395 2238 P
1410 2175 1460 2244 T3
1483 2185 1514 2236 et
1535 2175 1595 2240 erit

314 2281 384 2344 liaec
399 2279 439 2343 od
462 2279 524 2342 vim
548 2276 735 2340 mediocrem
763 2276 786 2339 S
803 2277 835 2340 K
850 2277 899 2340 vel
915 2279 938 2341 S
954 2277 986 2340 N
1009 2282 1113 2362 (quom
1129 2299 1285 2362 exponere
1300 2279 1372 2343 linet
1385 2299 1441 2362 per
1457 2281 1481 2345 S
1497 2279 1539 2359 T)
1562 2291 1600 2344 ut

315 2383 478 2472 longitudo
495 2383 521 2446 P
537 2382 568 2445 T
583 2379 622 2444 ad
637 2379 863 2468 longitudinem
880 2382 903 2446 S
918 2381 958 2444 T.
1004 2380 1063 2446 Est
1077 2395 1180 2446 autern
1202 2383 1246 2448 vir
1268 2383 1432 2448 mediocris
1456 2385 1480 2448 S
1496 2384 1529 2448 N
1549 2383 1597 2448 uel

317 2490 397 2566 ST,
414 2488 474 2574 qul
490 2507 602 2570 corpus
618 2486 650 2550 T
663 2486 814 2550 retinetur
828 2487 861 2548 in
875 2487 952 2550 orbe
967 2508 1024 2550 suo
1040 2489 1156 2552 circum
1172 2489 1204 2564 S,
1221 2489 1261 2552 ad
1277 2491 1349 2568 vim,
1366 2491 1426 2575 quii
1442 2511 1554 2574 corpus
1572 2490 1600 2554 P

316 2596 467 2658 retinetur
481 2593 515 2656 in
529 2593 604 2655 orbe
619 2615 675 2654 suo
690 2592 806 2655 circum
821 2592 862 2668 T,
886 2592 925 2676 (⁸)
941 2592 973 2655 in
988 2594 1107 2656 ratione
1123 2593 1291 2677 compositi
1313 2617 1354 2660 eu
1372 2597 1495 2673 ratione
1520 2595 1600 2658 rodii

318 2703 342 2766 S
358 2703 398 2777 T,
415 2701 455 2764 ed
469 2701 591 2764 radium
607 2700 633 2764 P
649 2699 689 2778 T,
706 2712 738 2764 et
752 2699 871 2762 ratione
890 2699 1047 2784 duplicati
1069 2702 1217 2786 temporis
1237 2703 1387 2786 periodici
1408 2705 1547 2788 eorporis
1572 2704 1600 2768 P

319 2808 435 2870 circum
450 2807 483 2870 T
496 2807 536 2870 ed
550 2820 673 2890 tempus
687 2807 880 2890 periodicum
895 2808 1033 2890 corporis
1049 2807 1080 2871 T
1095 2809 1211 2874 circum
1227 2809 1259 2874 S.
1305 2811 1346 2874 Et
1359 2833 1401 2878 ex
1429 2833 1529 2898 oequo,
1553 2813 1600 2876 vis

317 2911 482 2976 mediocris
498 2911 526 2973 L
543 2911 582 2976 M
596 2912 636 2974 od
652 2913 724 2988 vim,
741 2912 801 2996 qul
826 2933 938 2995 corpus
965 2914 993 2976 P
1018 2913 1168 2976 retinetur
1192 2915 1225 2976 in
1248 2916 1324 2979 orbe
1347 2938 1405 2980 suo
1427 2917 1539 2979 circum
1566 2917 1600 2980 T

319 3018 431 3104 (quive
443 3038 554 3100 eorpus
569 3017 651 3080 idem
668 3017 705 3094 P,
722 3018 832 3080 eodem
849 3029 988 3101 tempore
1003 3019 1171 3102 periodico,
1184 3021 1299 3084 circum
1308 3036 1455 3106 punctum
1467 3023 1599 3107 quodvis

319 3122 477 3188 immobile
493 3123 524 3186 T
540 3123 580 3184 ad
594 3122 770 3184 distantiam
788 3123 858 3186 PT
869 3123 984 3186 revolvi
997 3125 1113 3208 posset)
1136 3137 1183 3190 est
1197 3125 1229 3188 in
1243 3129 1363 3192 ratione
1377 3128 1429 3192 illt
1444 3128 1602 3212 duplicati

320 3233 550 3317 periodicorum
571 3242 757 3312 temponim.
800 3230 894 3293 Datis
917 3231 1012 3317 igitur
1037 3233 1228 3316 temporibus
1253 3236 1418 3318 periodicis
1443 3235 1505 3298 uni
1530 3249 1601 3298 outn

319 3340 466 3404 distantia
481 3339 509 3404 P
523 3339 565 3414 T,
581 3337 673 3400 detur
687 3336 734 3399 vis
748 3335 957 3400 mediocrisL
975 3336 1032 3413 M;
1057 3337 1095 3421 (¹¹)
1118 3352 1151 3402 et
1165 3338 1200 3402 ed
1223 3339 1304 3417 detti,
1328 3341 1420 3406 detur
1441 3342 1533 3406 etiem
1556 3343 1602 3406 vis

322 3447 361 3511 M
378 3447 409 3510 N
424 3468 517 3532 quam
531 3440 674 3528 proximi
689 3465 746 3528 per
761 3443 935 3530 analogiam
950 3445 1100 3507 linearum
1117 3444 1144 3508 P
1159 3445 1200 3522 T,
1218 3445 1255 3508 M
1272 3446 1312 3510 N.

319 3595 374 3642 letio
389 3595 455 3658 nugis
473 3603 497 3642 et
514 3593 629 3642 nodorum
645 3603 674 3641 ut
691 3601 785 3654 tempus
801 3593 945 3653 periodieurn
977 3595 1023 3642 lem
1037 3595 1083 3656 qui
1095 3611 1178 3656 eorpus
1190 3598 1211 3645 P
1221 3597 1247 3645 in
1256 3599 1331 3646 orbiti
1341 3599 1384 3647 rui
1394 3601 1500 3649 cimrlori
1510 3603 1546 3650 vel
1557 3604 1600 3650 cir·

321 3659 421 3718 corporis
434 3657 456 3703 P
466 3657 552 3704 directi
562 3667 586 3704 et
597 3657 736 3718 quadratum
746 3657 855 3719 temporis
870 3657 945 3717 perio-
976 3658 1031 3705 onio
1041 3659 1139 3705 finitimi
1147 3660 1257 3708 retinetur
1264 3662 1289 3708 in
1299 3663 1387 3712 notione
1394 3666 1522 3726 compositi
1528 3682 1557 3716 ex
1564 3682 1600 3714 ro-

321 3721 367 3769 dici
384 3720 485 3780 corporis
496 3719 519 3767 Τ
535 3719 637 3776 inversd3
661 3730 685 3767 et
695 3719 750 3766 indi
761 3731 839 3766 motus
855 3720 946 3767 medius
977 3721 1040 3768 tione
1049 3721 1107 3768 radii
1120 3725 1136 3768 S
1148 3723 1171 3770 T
1178 3724 1208 3770 ud
1218 3725 1310 3771 redium
1321 3727 1341 3773 P
1351 3727 1473 3782 Tdirecti.
1483 3739 1507 3776 et
1515 3729 1600 3776 neone

321 3785 388 3845 sugis
410 3793 433 3831 et
454 3781 576 3838 nodorum,
599 3783 639 3843 qui
657 3792 713 3829 sunt
729 3786 798 3830 ornbo
817 3793 844 3830 ut
863 3783 945 3830 eudem
976 3783 1092 3844 duplicati
1109 3787 1218 3846 temporie
1235 3789 1344 3848 periodiei
1359 3791 1459 3850 eorporis
1477 3793 1499 3839 T
1514 3793 1601 3840 cirrum

322 3845 443 3910 quantitas,
456 3861 498 3892 eeu
509 3856 536 3892 ut
545 3855 638 3904 tempus
650 3845 791 3905 periodicum
807 3848 906 3906 eorporis
925 3847 945 3893 P
979 3849 1003 3901 S,
1021 3847 1051 3894 od
1061 3857 1153 3910 tempus
1164 3850 1306 3910 periodirum
1321 3855 1422 3915 eorporis
1435 3855 1552 3902 Peiroum
1570 3857 1600 3909 T,

323 3909 408 3959 directi
419 3921 442 3957 et
453 3909 590 3970 quadratum
601 3909 710 3967 temporie
720 3908 830 3968 periodici
846 3908 946 3970 corporis
977 3910 1074 3958 inverte.
1110 3913 1236 3968 Quereris
1251 3915 1314 3974 prior
1329 3928 1365 3966 eet
1380 3917 1408 3964 ed
1419 3919 1567 3978 posteriorem
1575 3919 1601 3965 in

324 3974 348 4021 T
358 3973 453 4029 inversi,
465 3973 542 4019 dotum
554 3973 638 4016 habent
648 3971 677 4017 ad
688 3987 713 4016 se
722 3970 807 4018 mutuo
817 3973 936 4019 rationem.
977 3974 1066 4020 ratione
1085 3976 1210 4036 compositi
1227 3992 1255 4024 ex
1275 3981 1363 4028 ratione
1383 3981 1440 4028 rodii
1453 3983 1469 4028 S
1481 3984 1503 4029 T
1519 3983 1550 4029 od
1565 3998 1601 4028 n-

356 4037 387 4100 (f)
407 4041 419 4067 ·
437 4039 495 4085 Non
505 4044 635 4090 mutemur,
651 4035 693 4079 duc.
730 4035 792 4080 Num
803 4036 862 4082 vires
874 4035 902 4081 M
916 4035 945 4090 1,
978 4037 1045 4083 dium
1062 4038 1123 4093 PT,
1143 4049 1166 4086 et
1183 4041 1271 4087 ratione
1288 4043 1405 4103 duplicati
1420 4045 1529 4106 temporis
1542 4045 1602 4105 peri-

325 4101 351 4148 N
363 4101 392 4147 M
402 4110 510 4146 motuum
525 4099 593 4160 nugis
610 4105 634 4143 et
650 4096 765 4142 nodorum
784 4097 946 4156 productriceo,
979 4101 1039 4146 odiei
1056 4103 1157 4162 eorporis
1170 4103 1190 4149 P
1201 4104 1230 4150 nd
1244 4114 1336 4166 ternpus
1349 4106 1492 4168 periodirum
1502 4107 1603 4168 eorporis

324 4165 412 4212 notens
422 4162 541 4216 stantibus,
554 4175 602 4207 non
612 4159 713 4206 multum
724 4169 852 4217 mutantur,
869 4161 888 4206 si
905 4175 948 4206 eu·
981 4163 1018 4221 T;
1035 4179 1135 4226 cumque
1149 4166 1178 4212 eit
1194 4168 1271 4224 etiam,
1288 4184 1317 4216 ex
1336 4171 1416 4227 Dem,
1433 4172 1468 4216 vis
1482 4171 1603 4218 mediouis

324 4239 407 4290 geotur
421 4227 458 4272 vel
475 4227 594 4272 minuetur
612 4221 770 4270 excentrictm
788 4232 812 4269 et
830 4222 948 4270 inclinatio
982 4225 1003 4273 L
1016 4227 1044 4274 M
1055 4227 1085 4275 od
1102 4230 1150 4275 vim
1165 4231 1304 4278 mediocrem
1323 4233 1379 4288 ST,
1396 4243 1424 4280 ut
1437 4235 1458 4282 P
1470 4235 1492 4282 T
1502 4235 1532 4282 ud
1545 4237 1561 4282 S
1573 4235 1602 4291 T,

325 4292 386 4337 orbiu
399 4290 420 4336 P
433 4293 455 4336 Δ
469 4289 499 4345 Β,
511 4289 647 4349 nieiruogna
654 4285 947 4337 sntissueritilltmutotio.
980 4289 1023 4336 erit
1041 4305 1082 4350 per
1101 4291 1288 4352 compositionem
1307 4297 1423 4343 rationum
1441 4307 1465 4345 et
1482 4313 1510 4346 ex
1529 4313 1602 4360 aequo,

326 4361 354 4400 ut
363 4363 426 4413 potet
442 4366 471 4397 ex
490 4351 577 4398 ratione
596 4351 641 4412 qul
660 4350 720 4396 vires
737 4348 784 4394 illae
797 4349 825 4395 M
839 4349 867 4404 1..
881 4350 906 4396 N
919 4350 949 4398 M
980 4353 1014 4398 vir
1024 4354 1146 4402 mediocris
1158 4357 1180 4403 L
1193 4357 1228 4412 M,
1246 4358 1276 4405 od
1292 4361 1339 4405 vim
1358 4360 1538 4408 ecceleratrieem
1558 4361 1605 4422 qui

329 4416 398 4474 Prop.
413 4421 452 4462 66.
466 4414 656 4462 detonninontur.
981 4431 1065 4476 oorpur
1084 4419 1105 4465 P
1121 4419 1233 4466 retinetur
1249 4422 1274 4467 in
1292 4425 1347 4470 orbe
1361 4437 1405 4470 suo
1423 4425 1511 4472 circum
1529 4425 1558 4481 Τ,
1578 4433 1606 4470 ut

359 4479 394 4541 (Ι)
412 4482 424 4506 ⁸
442 4481 474 4526 In
495 4481 581 4525 ratione
603 4475 723 4538 compediti
744 4492 770 4523 or
786 4479 873 4524 ratione
891 4479 950 4525 rodii
980 4480 1119 4541 quedrotum
1130 4484 1356 4544 temporisperiodici
1373 4489 1473 4548 eorporis
1487 4489 1606 4535 Peircum

327 4546 345 4592 S
358 4546 384 4597 T,
396 4543 438 4588 &o
474 4541 538 4586 Nom
554 4544 606 4603 (per
619 4541 672 4588 Cor.
683 4545 705 4586 9.
727 4540 796 4600 Prop.
809 4539 844 4600 4.)
861 4540 895 4586 n's
912 4555 949 4588 oe·
982 4543 1005 4589 T
1015 4542 1045 4590 nd
1061 4545 1199 4606 quadratum
1217 4550 1327 4609 temporit
1344 4549 1453 4609 periodici
1470 4552 1572 4612 corporis
1583 4550 1606 4597 T

327 4605 444 4652 ederam:
461 4604 582 4650 mediocri·
602 4603 652 4650 ST
670 4602 717 4665 qut
735 4617 818 4664 oorpuo
830 4603 852 4649 T
862 4605 951 4650 circmn
981 4605 1068 4653 circum
1080 4609 1106 4655 S.

330 4668 386 4716 Sod
398 4668 528 4714 distentione
542 4666 716 4714 STcireulum
727 4665 853 4713 velorbem
864 4667 952 4715 circulo
1015 4670 1052 4732 (¹¹)
1071 4675 1084 4702 e
1102 4673 1136 4720 Et
1157 4672 1184 4721 ed
1206 4673 1269 4732 dotti,
1290 4673 1360 4724 detur
1380 4677 1450 4725 etiem
1471 4677 1505 4724 vis
1528 4678 1554 4724 N
1577 4678 1606 4726 M

328 4732 456 4786 finitimum
462 4729 588 4796 deenen
595 4730 784 4790 appetitiones
794 4729 824 4778 od
831 4729 877 4778 rim
888 4731 952 4779 uimi-
984 4733 1062 4796 (500).
