3554 5832
329 479 390 538 sa
622 473 960 544 eunomiana
981 475 1254 572 assumus
1319 475 1432 556 [aar.
1450 479 1600 550 coms.

732 961 735 970 .
796 898 984 976 saccio
1007 899 1118 1002 xtra

472 1101 731 1200 maorparua
754 1125 823 1180 sua
838 1105 1083 1202 aleam
1100 1099 1230 1186 aaran
1245 1109 1444 1190 attractata.

498 1361 782 1430 Phorosfflo
801 1361 980 1431 LXXXV.
1024 1363 1294 1433 fflaouautt
1316 1367 1429 1434 XLII.

326 1530 362 1594 Si
374 1529 504 1612 corporis
517 1533 650 1608 attracti,
665 1531 715 1595 uti
728 1533 892 1596 attraham·
904 1535 1068 1618 contigtaaa
1081 1545 1133 1612 cst,
1157 1538 1297 1600 attractio
1318 1533 1403 1620 haga*
1411 1537 1530 1618 jbrts'ar
1547 1538 1600 1614 sit,

370 1637 1280 1721 pammatsaataos'stawttosepmaaaatantms
1301 1641 1599 1722 chamaam

369 1741 521 1818 aratensis,
537 1743 570 1804 in
584 1763 692 1806 recessa
705 1745 835 1825 carparis
848 1745 982 1824 attracti,
997 1745 1160 1810 decrescant
1170 1747 1202 1810 in
1213 1747 1329 1810 ratione
1336 1747 1492 1830 plusquam
1501 1747 1600 1830 taptt-

369 1843 437 1908 catti
451 1847 660 1910 distamiamm
673 1867 694 1910 a
711 1847 879 1930 partiariis.

371 2016 454 2082 Nam
468 2018 495 2080 si
509 2017 588 2082 vires
603 2016 787 2082 decrescunt
800 2018 833 2082 in
848 2018 968 2084 ratione
985 2005 1141 2103 duplicata
1162 2019 1376 2084 distantiarum
1390 2042 1410 2082 a
1422 2018 1598 2103 particulis3

327 2123 468 2186 attractio
482 2143 587 2188 versus
603 2143 715 2206 corpus
729 2121 927 2206 sphaericum,
939 2137 1109 2208 propterea
1122 2124 1206 2209 quod
1229 2129 1298 2208 (per
1314 2123 1408 2206 Prop.
1425 2122 1596 2202 LXXIV.)

275 2279 282 2292 .
326 2227 366 2290 sit
379 2227 536 2312 reciproci
551 2239 586 2291 ut
601 2227 786 2314 quadratum
806 2228 961 2294 distantiae
981 2230 1104 2294 attracti
1124 2229 1263 2314 corporis
1287 2249 1308 2292 a
1331 2239 1438 2292 centro
1461 2226 1600 2312 sphaeras,

325 2331 411 2397 haud
432 2333 615 2398 sensibiliter
638 2335 801 2422 augebitur
824 2357 865 2400 ex
887 2347 1050 2413 mntsctu3
1080 2349 1172 2421 atque
1195 2335 1297 2398 adhuc
1317 2336 1418 2418 ninus
1442 2334 1606 2420 augebitur

325 2459 366 2503 ox
380 2453 534 2519 contactu,
551 2441 576 2504 si
592 2441 734 2506 attractio
747 2441 778 2505 in
801 2463 925 2507 recessa
947 2442 1086 2526 corporis
1108 2442 1229 2520 attracti
1250 2441 1407 2504 decrescat
1428 2440 1461 2503 in
1485 2441 1605 2504 maana

325 2546 454 2610 minore.
500 2548 591 2612 Patet
615 2547 709 2636 igitur
731 2547 902 2631 propositio
927 2548 966 2612 de
990 2545 1119 2632 sphoeris
1144 2547 1321 2612 aaractivis.
1367 2545 1406 2630 (⁴¹)
1430 2545 1472 2610 Et
1485 2567 1543 2630 par
1557 2553 1605 2610 est

325 2619 404 2714 latio
419 2651 540 2717 orbium
555 2651 781 2737 sphaericorum
796 2673 1003 2717 concavorum
1017 2673 1149 2738 corpora
1170 2661 1300 2716 externa
1320 2650 1516 2716 trahentium.
1562 2651 1607 2714 Et

325 2759 425 2825 multo
439 2763 537 2848 magis
551 2783 601 2827 res
617 2775 736 2828 constat
748 2763 782 2826 in
797 2763 924 2827 orbibus
939 2783 1072 2847 corpora
1085 2761 1213 2826 hiterius
1227 2759 1391 2824 constituta
1401 2757 1604 2834 trahentibus,

324 2885 396 2928 cum
411 2867 608 2932 attractiones
622 2867 736 2951 passim
749 2887 806 2950 per
820 2866 942 2930 orbium
958 2866 1104 2931 caelatas
1125 2866 1165 2929 ab
1186 2863 1420 2929 athaaionibus
1442 2864 1605 2926 contrariis

326 2976 395 3054 (per
408 2971 502 3055 Prop.
515 2971 641 3052 LXX.)
652 2971 808 3048 tollantur,
817 2971 949 3056 ideoque
961 2970 1009 3035 vel
1020 2971 1053 3034 in
1062 2971 1131 3053 ipso
1140 2981 1284 3033 contactu
1292 2967 1389 3032 nullae
1400 2979 1480 3030 sunt.
1505 2965 1606 3042 Quod

325 3075 351 3138 si
366 3073 495 3159 sphaeris
509 3073 595 3140 nisce
609 3077 796 3161 urbibusque
810 3074 970 3160 sphaericis
983 3085 1087 3158 partes
1102 3073 1248 3160 quaelibet
1260 3097 1279 3138 a
1293 3073 1363 3138 loco
1377 3085 1534 3136 contactus
1556 3091 1605 3136 ra·

324 3195 418 3246 mota
434 3181 623 3261 auferantur,
646 3196 678 3248 et
693 3195 796 3268 partes
810 3203 900 3247 nouae
913 3182 1015 3246 ubivis
1029 3182 1202 3248 addantur:
1224 3183 1337 3248 mutari
1351 3195 1481 3266 possum
1494 3181 1606 3267 figurae

323 3287 440 3351 horum
454 3309 621 3373 corporum
637 3288 865 3353 attractivorum
882 3309 942 3372 pro
956 3287 1066 3366 lubitu,
1090 3309 1148 3352 nec
1171 3303 1274 3352 amen
1295 3300 1398 3372 partes
1422 3285 1534 3349 additas
1555 3283 1607 3348 vel

325 3393 495 3472 subductae,
511 3415 584 3458 cum
599 3395 661 3460 sint
675 3417 694 3458 a
707 3394 778 3458 loco
792 3405 952 3458 contactus
967 3405 1104 3471 remotae,
1120 3393 1279 3480 augebunt
1297 3391 1473 3456 notabiliter
1493 3403 1606 3453 attrac—

324 3497 416 3562 tionis
431 3519 604 3577 excessum,
622 3499 731 3586 quiex
745 3509 888 3564 contactu
902 3496 1010 3564 orittu.
1048 3499 1180 3563 Constat
1192 3497 1287 3585 igitur
1300 3497 1472 3581 propositio
1485 3494 1524 3560 de
1533 3515 1605 3558 cor-

324 3602 453 3686 poribus
467 3603 638 3692 lifftsarum
652 3603 802 3668 omnium.
846 3601 888 3680 Q.
904 3625 932 3668 s.
948 3603 981 3668 d.

482 3813 766 3883 PROPOSITIO
789 3813 987 3882 LXXXVI.
1032 3811 1301 3880 THEOREMA
1323 3811 1454 3878 XLIII.

325 3965 361 4032 Si
367 3965 594 4048 particularum,
610 3985 647 4026 aa
661 3963 763 4046 quita
776 3984 879 4046 corpus
893 3961 1078 4028 attacticum
1091 3960 1280 4042 componitur,
1294 3961 1371 4021 uires
1381 3959 1413 4020 ia
1423 3977 1531 4019 meaos
1540 3977 1606 4018 cor.

361 4075 448 4158 poris
462 4075 586 4138 attracti
599 4073 765 4136 decresaa
780 4073 814 4133 ia
827 4067 981 4152 triplicata
996 4071 1042 4134 nel
1049 4069 1205 4152 pltoquam
1230 4065 1384 4148 triplicata
1407 4065 1522 4128 ratioac
1544 4063 1608 4126 dis-

367 4183 529 4247 tantiarum
543 4203 564 4244 a
576 4178 746 4264 partiariis,
762 4178 903 4240 attractio
916 4177 1002 4260 longe
1010 4177 1129 4260 sortior
1142 4176 1200 4239 erit
1214 4175 1248 4238 ia
1268 4183 1411 4250 contactu,
1434 4191 1520 4256 ptam
1544 4191 1607 4234 aeas

368 4288 488 4352 trahens
502 4297 532 4351 et
544 4296 703 4350 attractam
719 4283 876 4348 interualla
891 4283 937 4348 val
950 4284 1068 4345 minima
1081 4291 1258 4364 separantur
1271 4281 1310 4343 ab
1324 4282 1454 4343 invicem.

370 4439 453 4504 Nam
468 4439 683 4503 attractionem
698 4437 870 4499 inaccessa
885 4433 1007 4498 attracti
1021 4431 1195 4516 corpusculi
1210 4431 1250 4494 sd
1264 4429 1440 4514 hujusmodi
1453 4427 1610 4513 sphaeram

358 4609 423 4672 rt·
441 4608 738 4671 transmeamus·
748 4607 910 4669 amma
919 4619 1079 4654 maana..
1115 4601 1175 4667 (aa
1187 4601 1257 4664 amp.
1271 4600 1324 4661 a.)
