3554 5832
329 479 392 536 868
641 469 978 538 PHILOSOPHIAE
1001 471 1271 540 NATURALIS
1336 469 1443 552 [Mon.
1460 469 1608 541 Centies.

330 641 394 706 sive
409 641 540 726 simplex
555 641 687 727 sphaeroe
701 645 792 709 unius
807 644 839 707 in
854 643 991 723 alteram,
1005 645 1069 709 sive
1079 656 1186 710 mutus
1195 644 1354 731 utrInsque
1367 642 1401 708 in
1414 665 1449 708 se
1462 644 1605 723 nvicem,

327 751 386 816 erit
401 763 436 818 ut
449 751 595 816 distantia
610 763 787 818 centrorum
801 775 823 837 p
839 754 872 817 S.
918 753 961 829 Q.
976 775 1004 817 e.
1018 753 1051 818 d.

443 1039 727 1108 PROPOSITIO
749 1040 947 1106 LXXVIII.
993 1039 1261 1107 THEOREMA
1284 1037 1486 1106 XXXVIII.

325 1219 361 1285 Si
373 1221 496 1304 optma
510 1223 543 1284 in
554 1243 710 1307 progressu
724 1245 744 1285 a
758 1233 857 1288 castro
870 1224 913 1286 ad
924 1222 1185 1306 cirnmtfercntiam
1199 1221 1258 1285 sint
1269 1229 1409 1304 mamque
1416 1221 1607 1288 dissimilator

369 1339 396 1394 ct
411 1332 610 1415 inaquabiles,
626 1333 659 1396 in
669 1353 826 1417 progressa
839 1352 907 1396 nero
914 1352 973 1416 per
986 1333 1137 1394 circatae
1151 1332 1194 1392 ad
1214 1331 1315 1392 datam
1336 1349 1444 1392 ornem
1464 1352 1485 1392 a
1505 1339 1604 1394 centro

368 1437 541 1500 distantiam
554 1439 615 1502 sr'nt
628 1439 759 1521 undiquc
772 1439 939 1510 similcrcss
963 1447 991 1502 et
1008 1441 1052 1500 nis
1070 1437 1231 1499 attractiva
1248 1435 1353 1516 peracti
1372 1434 1505 1518 crrjrsqroe
1521 1435 1560 1497 sit
1570 1449 1605 1502 ut

368 1543 513 1605 distantia
527 1545 658 1626 corporis
671 1545 795 1606 adradi
803 1571 813 1606 .-
835 1544 901 1606 dr'co
915 1545 992 1628 quod
1005 1545 1049 1606 nis
1062 1551 1125 1604 tota
1139 1537 1198 1624 quei
1218 1537 1379 1621 hujusmodi
1396 1541 1519 1622 sphaera
1539 1544 1607 1603 dra

367 1669 397 1711 se
412 1659 508 1712 nratuo
523 1651 646 1716 trahant
659 1651 699 1714 sit
706 1651 942 1734 proportiorush's
956 1649 1108 1714 distantia
1121 1649 1200 1711 inter
1213 1655 1314 1710 ceretro
1327 1647 1516 1730 ephororum.

367 1839 611 1906 Demonstretur
625 1864 665 1906 ex
680 1842 897 1928 Propositione
911 1841 1106 1928 praecedente
1120 1840 1230 1906 eodem
1239 1840 1344 1919 modo,
1357 1863 1420 1927 quo
1430 1839 1607 1926 Propositro

327 1945 491 2014 LXXVI.
507 1973 547 2014 ex
564 1949 782 2035 Propositione
798 1949 938 2016 LXXV.
955 1949 1164 2016 demonstrata
1177 1948 1245 2013 suit.
1269 1949 1308 2033 (t)

370 2055 468 2118 Corol.
492 2055 575 2131 Quae
590 2057 731 2141 superius
746 2057 778 2120 in
795 2057 1064 2143 Propositionibus
1080 2057 1124 2122 X.
1147 2070 1179 2121 et
1192 2055 1318 2122 LXIV.
1341 2055 1381 2120 de
1394 2067 1482 2120 motu
1497 2077 1606 2140 eorpo-

326 2183 396 2226 rum
411 2163 495 2228 circs
507 2178 613 2229 centra
627 2166 804 2230 conicarum
827 2168 998 2232 sectionum
1021 2167 1231 2232 demonstrate
1254 2177 1334 2244 sunt,
1359 2167 1463 2230 volent
1486 2166 1539 2230 ubi
1561 2177 1608 2229 nt·

325 2269 493 2334 tractiones
508 2293 616 2336 omnes
632 2273 710 2338 fiunt
725 2275 756 2338 vi
771 2295 937 2359 corporum
952 2273 1175 2359 sphaerieorum
1190 2273 1376 2338 conditionis
1391 2275 1459 2359 jam
1473 2273 1608 2357 descrIp·

323 2387 377 2458 tae,
393 2392 425 2444 et
437 2391 569 2446 attrecta
582 2403 714 2468 corpora
729 2395 802 2448 sunt
816 2382 947 2469 sphaerae
962 2383 1148 2450 conditionis
1163 2379 1309 2470 ejusdem.
1353 2425 1362 2438 ·

885 2657 1038 2725 Scholiurn.

369 2843 600 2912 Attrsecionhm
616 2869 704 2913 casus
719 2847 797 2914 duos
813 2846 996 2936 insigniores
1013 2849 1079 2934 jam
1095 2845 1168 2912 dedi
1189 2846 1365 2932 expositos;
1386 2847 1527 2912 nimirum
1550 2848 1608 2914 ubr

328 2949 407 3014 vires
422 2952 601 3036 centripetae
616 2953 797 3018 decrescunt
811 2953 844 3017 in
859 2953 1015 3038 duplicatis
1030 2953 1244 3018 distantiarum
1259 2953 1384 3030 ratione,
1400 2951 1447 3017 rel
1460 2973 1605 3018 crescunt

322 3059 355 3122 in
371 3058 586 3124 distentiemm
601 3063 719 3126 ratione
743 3062 895 3145 sirnplici;
919 3061 1084 3127 efficientes
1107 3061 1140 3126 in
1166 3075 1297 3148 utroque
1323 3085 1394 3126 cssu
1416 3073 1450 3126 ut
1472 3083 1606 3148 corporo

321 3179 474 3253 gyrentur
487 3169 518 3232 in
539 3170 654 3234 conicIs
676 3169 873 3248 sectionibus,
900 3184 931 3235 et
954 3185 1173 3257 componentes
1196 3195 1361 3258 corporum
1385 3171 1605 3258 sphaericorum

323 3273 405 3336 vires
420 3275 605 3361 centripetes
621 3274 730 3340 eidem
745 3275 824 3364 lege,
849 3278 883 3341 in
905 3299 1029 3342 recessu
1044 3301 1063 3341 a
1078 3293 1193 3356 centro,
1219 3277 1430 3344 decrescentes
1453 3279 1500 3342 vel
1524 3300 1605 3342 cres·

322 3393 427 3445 centes
443 3402 515 3445 cum
529 3382 655 3468 seipsis:
683 3383 779 3460 Quod
800 3397 847 3450 est
867 3397 976 3452 notatu
990 3385 1128 3473 dignum.
1174 3385 1272 3450 Casus
1295 3397 1433 3464 coeteros,
1454 3386 1506 3472 qui
1529 3407 1605 3449 con·

321 3485 475 3553 clusiones
490 3490 591 3554 minus
617 3491 772 3578 elegantes
798 3491 956 3572 exhssrent,
984 3493 1140 3582 sigillatim
1164 3515 1344 3578 percurrere
1364 3494 1493 3582 longum
1514 3507 1604 3558 esset.

323 3591 439 3658 Malim
455 3609 583 3664 cunctos
598 3599 747 3666 methodo
760 3601 899 3688 generali
914 3601 1005 3668 simul
1019 3601 1281 3686 comprehendere
1295 3624 1332 3666 oc
1350 3603 1555 3670 determinare
1570 3615 1605 3668 ut

322 3702 470 3788 sequitur.

336 3975 343 3988 ·
357 3913 398 3976 (ς)
417 3913 479 3968 Qurs
489 3911 514 3959 in
528 3913 659 3962 Corollan'is
671 3915 741 3978 I’rap.
755 3923 794 3969 76.
811 3921 851 3968 uhi
866 3931 950 3969 ottrec-
980 3921 1047 3968 trices
1058 3922 1201 3986 singularum
1217 3924 1242 3970 in
1259 3925 1363 3988 inguim
1381 3935 1449 3973 erent
1465 3935 1493 3974 ut
1510 3927 1606 3988 sphm

324 3985 359 4048 tro
370 3978 466 4036 sphera
476 3975 554 4024 venos
564 3979 676 4037 selmum
687 3992 736 4028 eret
745 3983 857 4044 quadrato
864 3985 939 4032 disten
981 3987 1096 4032 hahentes
1107 3995 1130 4033 et
1145 3988 1258 4034 distentia
1273 3993 1334 4036 Inter
1350 4001 1428 4036 oenoe
1444 3991 1585 4054 conjunctim
1595 4011 1603 4050 ς

324 4049 364 4086 tm
378 4049 510 4088 centrorum
526 4040 642 4101 reciproce
657 4047 837 4106 proportionalis,
855 4049 951 4096 demon-
982 4050 1127 4097 stmedones
1137 4049 1191 4097 reni
1201 4053 1308 4099 metricos
1318 4063 1345 4100 nt
1360 4055 1454 4114 sphera
1464 4057 1604 4102 attrahentes

324 4111 396 4177 strata
418 4114 480 4161 arnt,
500 4119 537 4180 ‚⁸.⁸'
558 4105 653 4180 munds
673 4109 797 4164 mutandis,
820 4109 849 4158 sd
872 4127 952 4160 mmm
983 4115 1275 4162 etmosetsretdistsntIae
1286 4119 1346 4164 Inter
1360 4127 1438 4164 centn
1453 4119 1604 4180 conjunethn,

324 4167 397 4238 thus
410 4165 576 4242 Pronosrnonss
588 4175 625 4218 78.
636 4171 754 4218 mandens*
766 4185 869 4231 munst.
905 4175 950 4222 Ni·
981 4177 1108 4238 sedensque
1118 4177 1195 4225 vdent
1211 4179 1252 4226 uhi
1269 4179 1371 4228 mettio
1388 4181 1462 4228 oritur
1478 4197 1493 4228 a
1508 4183 1605 4241 sphnnr

323 4243 410 4304 nnrnm
421 4245 439 4275 ss
451 4232 564 4309 ejusmodi
576 4235 671 4292 sphera.¹
682 4235 811 4310 complores
821 4253 862 4296 per
872 4241 951 4286 omni·
981 4241 1102 4302 utriusque
1120 4241 1203 4289 virtute
1224 4243 1342 4292 emuniri
1359 4243 1442 4294 mutui
1461 4247 1560 4294 uncini
1579 4249 1603 4294 In

322 4293 409 4340 smiles
419 4307 444 4341 se
459 4305 544 4344 mutuo
561 4299 660 4356 hahent,
677 4308 823 4348 sttncaoues
839 4301 951 4350 eccelera-
982 4304 1095 4364 spheram
1105 4305 1208 4355 alteram.
