3580 5866
174 505 293 572 Leone
310 509 484 596 moene]
541 517 781 588 PRINCIPIA
804 521 1174 600 ΜΑΤΗΕΜΑΤΙΟᾸ.
1442 553 1480 611 tr

170 695 224 748 ter
236 685 272 748 in
287 681 469 769 directum,
485 691 681 780 proindeque
694 717 827 782 corpora
839 701 1001 786 aequaiter
1013 707 1170 794 urgebunt
1178 709 1380 796 olemculum,
1392 732 1424 784 et
1434 721 1481 787 id·

172 794 260 856 circo
274 793 454 880 equaliter
469 798 636 864 trahentur
649 801 683 866 in
697 803 839 870 invicem.
863 809 902 892 (⁸)
917 809 1052 876 Tentovi
1065 814 1127 880 hoc
1140 818 1173 881 in
1183 833 1327 907 magnete
1341 837 1373 890 et
1386 827 1478 896 ferro.

172 903 209 966 si
224 903 292 967 ltaec
306 905 343 969 in
366 909 517 973 vasculis
538 911 674 998 propriis
697 935 765 979 cese
786 917 1037 1005 contingentibus
1059 925 1187 990 seorsim
1207 925 1318 1014 posite,
1340 935 1374 998 in
1398 939 1477 1026 equi

169 1027 339 1110 stagnante
350 1017 457 1102 juxta
478 1021 621 1098 fluitent3
646 1018 792 1088 neutrum
814 1028 969 1112 propellet
990 1030 1133 1112 alterum,
1149 1035 1214 1121 [sed
1235 1043 1410 1127 aequalitate
1431 1059 1477 1112 et-

167 1122 335 1186 tractionis
351 1127 514 1213 utrinque
530 1127 724 1196 sustinebunt
739 1121 868 1198 conatus
882 1136 916 1200 in
931 1159 963 1201 se
977 1149 1113 1221 mutuos,
1129 1165 1166 1208 ec
1186 1145 1312 1213 tandem
1333 1150 1366 1216 in
1380 1155 1477 1242 aequi·

167 1226 262 1294 librio
278 1231 467 1297 constituta
481 1234 651 1320 quiescent.

212 1335 270 1400 Sic
285 1337 389 1402 etiem
407 1341 548 1426 gravitas
562 1341 644 1405 inter
658 1353 773 1407 terram
787 1357 820 1410 et
834 1348 899 1432 ejus
913 1361 1017 1433 partes
1031 1365 1139 1418 mutua
1153 1369 1209 1421 est.
1252 1357 1380 1428 Secetur
1394 1377 1477 1432 terre

168 1437 198 1504 Ε
213 1441 354 1528 lpleno
368 1447 485 1532 quovis
502 1447 531 1511 E
549 1447 581 1512 G
595 1449 627 1511 in
642 1461 747 1534 partes
761 1449 839 1517 dues
856 1453 884 1518 E
901 1455 934 1519 G
950 1455 978 1520 F
992 1477 1023 1521 et
1039 1458 1068 1523 E
1083 1461 1116 1526 G
1132 1461 1169 1526 1:
1192 1477 1224 1528 et
1238 1465 1368 1552 aequnlin
1385 1485 1477 1539 erunt

167 1547 294 1616 harum
307 1557 458 1640 pondere
473 1558 506 1621 in
518 1581 551 1622 se
562 1571 680 1623 mutuo.
718 1559 801 1626 Nam
814 1563 840 1625 si
850 1563 919 1648 ple·
1034 1603 1066 1676 Ε

172 1678 221 1720 no
236 1659 301 1722 alio
317 1661 356 1726 H
375 1663 411 1728 Κ
427 1665 512 1750 quod
527 1665 624 1750 priori
639 1665 669 1730 Ε
685 1667 716 1732 G
734 1669 917 1753 parallelum

175 1766 228 1844 sit,
243 1789 320 1852 pers
341 1771 449 1856 major
472 1771 502 1838 E
518 1774 550 1840 G
566 1773 582 1837 I
609 1786 730 1840 secetur
755 1777 787 1840 in
812 1793 931 1863 partes*

174 1871 255 1936 dnae
272 1875 303 1939 Ε
321 1877 358 1942 G
378 1877 916 1968 KHetHKI,quarumHK1

171 1981 306 2066 equalis
331 1985 376 2048 sit
396 1987 479 2070 parti
500 1989 585 2072 prius
607 1989 750 2054 abscisste
772 1991 912 2060 EFG:
946 2003 974 2076 F

170 2088 383 2156 manifetum
394 2092 535 2180 estquod
546 2116 617 2178 pars
628 2095 731 2160 medio
743 2096 772 2160 E
784 2096 816 2161 G
829 2097 861 2163 K
874 2101 913 2166 H

171 2199 325 2284 pondere
339 2200 470 2286 proprio
484 2203 517 2266 in
537 2218 679 2268 neutram
698 2206 834 2290 partium
856 2230 911 2272 ex·

172 2314 356 2371 trmrarum
364 2308 581 2392 propendebit,
593 2309 647 2374 sed
656 2309 737 2374 inter
748 2324 910 2399 utramque

176 2406 216 2470 in
229 2409 418 2494 aequilibrio,
432 2422 467 2474 ut
488 2411 533 2476 ito
553 2411 665 2490 dicam,
692 2415 909 2498 suspendetur,
1030 2379 1063 2446 G

179 2526 217 2578 et
230 2515 380 2600 quiescet
424 2516 500 2584 Pars
512 2529 616 2584 autem
631 2531 771 2584 extreme
787 2519 823 2584 H
840 2519 872 2586 K
888 2521 906 2586 I
927 2531 994 2586 toto
1016 2543 1073 2586 suo
1094 2521 1234 2608 pondere
1257 2522 1415 2588 incumbet
1436 2521 1470 2588 in

177 2637 308 2708 partem
319 2627 462 2706 mediant,
480 2639 513 2694 et
527 2629 651 2716 urgebit
672 2630 757 2694 illam
778 2631 811 2694 in
833 2643 954 2718 partem
976 2631 1105 2696 alteram
1131 2642 1303 2694 extremam
1327 2629 1408 2695 EG
1422 2629 1470 2708 F;
1514 2625 1516 2634 ’

175 2733 1469 2824 ideoquevisqutipertiumHKIetEGKHsummcEGltenditversue
1573 2821 1576 2828 Ι

174 2857 301 2928 partem
314 2846 440 2912 tertiam
456 2847 485 2910 E
502 2845 534 2910 G
552 2847 588 2924 F,
604 2847 733 2933 equalis
749 2859 796 2912 est
808 2847 942 2934 ponderi
955 2849 1052 2936 partis
1069 2847 1106 2912 H
1122 2845 1155 2913 K
1171 2847 1198 2927 l,
1221 2846 1254 2911 id
1276 2858 1323 2911 est
1336 2847 1468 2932 ponderi

173 2954 276 3037 pertis
290 2955 391 3020 tertiae
404 2953 433 3018 E
445 2953 478 3019 G
489 2953 527 3018 F.
558 2953 602 3020 Et
612 2967 777 3040 propterea
788 2955 929 3042 pondere
938 2958 1074 3043 partium
1085 2955 1217 3021 duarum
1230 2955 1258 3020 E
1269 2955 1302 3021 G
1313 2957 1339 3034 Ι,
1354 2957 1382 3020 Ε
1395 2957 1427 3022 G
1440 2957 1468 3022 F

175 3060 214 3124 in
229 3083 264 3129 tte
276 3073 387 3126 mutuo
401 3071 472 3126 sunt
486 3061 628 3146 requnlin,
644 3062 690 3126 uti
704 3062 789 3125 volui
804 3051 977 3144 ostendere.
1014 3047 1129 3128 Et'nisi
1141 3061 1281 3147 pondera
1295 3062 1349 3125 ille
1361 3083 1467 3148 teque-

179 3166 228 3230 l'm
241 3179 355 3244 esseut,
368 3179 449 3230 terre
461 3177 527 3230 tota
541 3165 574 3230 in
595 3165 696 3232 libero
717 3165 835 3233 aethere
855 3169 979 3232 fluitans
1000 3168 1133 3255 ponderi
1154 3167 1264 3253 majori
1285 3165 1419 3245 cederet,
1435 3179 1467 3232 et

179 3273 225 3342 ab
239 3297 279 3340 co
292 3274 441 3363 firgiendo
454 3275 550 3342 obiret
563 3275 597 3343 in
611 3274 777 3342 infinitum.

226 3385 275 3450 Ut
289 3386 465 3470 corporein
479 3407 633 3452 concursu
656 3396 688 3450 et
710 3385 880 3452 reflexione
902 3385 984 3450 idem
1008 3383 1140 3472 pollent,
1166 3405 1298 3470 quorum
1321 3383 1466 3448 velocita-

173 3575 621 3640 velceitttinreqreetiretleiecmeeret
636 3576 808 3638 inprinoped
839 3583 1071 3638 autumpnum
1087 3577 1181 3626 undem
1197 3585 1226 3626 ut
1242 3582 1280 3632 31,
1297 3577 1376 3638 adito,
1394 3578 1465 3629 inat

174 3647 210 3690 1:
231 3647 269 3689 11.
286 3639 359 3688 tem
377 3641 426 3703 peri
444 3647 472 3690 i:
493 3646 530 3691 lc.
546 3642 573 3688 in
590 3641 950 3702 3⁰·pcrilt313tcnsione,
969 3655 1023 3688 cum
1041 3641 1129 3688 chorda
1143 3641 1300 3689 restitueretur
1318 3649 1464 3704 temporem

174 3705 215 3752 illi
231 3713 309 3752 entem
324 3705 428 3754 defectus
446 3713 502 3752 eunt
517 3705 566 3753 iere
583 3705 701 3754 dimetritt
711 3710 769 3762 M,
783 3711 804 3752 1.
838 3704 903 3754 unde
912 3704 1030 3753 concludit
1040 3704 1145 3752 defectus
1154 3705 1259 3768 cingulos
1272 3705 1399 3764 velocitet'a
1414 3717 1466 3767 pon

176 3767 365 3832 pttpcrtionelee
410 3769 486 3816 Aliud
502 3769 688 3830 experintentum
709 3768 808 3816 tenum
838 3769 919 3824 ictum,
931 3769 1073 3830 tenporibus
1082 3769 1254 3817 restitutionum
1271 3783 1321 3817 este
1336 3771 1464 3835 proportio·

180 3831 296 3881 Rimttte.
333 3831 451 3881 Cbordtm
461 3833 580 3895 calybem
594 3831 653 3880 door
669 3831 739 3893 pedes
754 3832 807 3880 lcu-
839 3831 909 3880 ntlee
929 3832 1043 3880 Menente
1053 3831 1126 3895 igitur
1135 3833 1464 3898 corpommltotnogemortnn

242 3895 415 3944 reponuntur
423 3897 522 3958 positam
531 3896 806 3953 mmmdntmdebet,
838 3895 1000 3959 magnitudine
1010 3905 1034 3944 et
1044 3895 1126 3972 iperi.
1143 3905 1250 3944 conotus
1264 3899 1465 3946 οιιωωιιιιο

176 3911 252 4008 ddiiec
267 3960 361 4008 tandem
380 3959 490 4022 repererit
508 3969 554 4008 tree
573 3958 665 4008 chorda
681 3959 805 4016 tentione,
837 3959 964 4010 velocitatis
973 3971 1104 4020 retpecttrte
1118 3971 1170 4021 post
1185 3960 1258 4008 ictum
1274 3959 1304 4007 ed
1319 3959 1463 4009 velocitatem

177 4039 230 4086 que
244 4023 362 4072 efficerent
376 4033 404 4072 ct
420 4033 524 4085 tempora
538 4025 623 4087 quibus
638 4022 725 4072 chorda
740 4023 808 4084 pulte
837 4023 987 4086 reepectimtn
1001 4031 1056 4072 ente
1065 4021 1154 4082 ictum
1171 4023 1212 4070 ted
1222 4021 1311 4072 mutati
1320 4023 1464 4087 magnitudi-

177 4103 226 4135 me
240 4089 382 4146 restituebet,
398 4088 476 4156 foqent
490 4099 519 4136 ut
534 4095 556 4136 3.
567 4095 590 4136 9.
605 4090 627 4135 1.
659 4087 709 4135 En
723 4097 804 4134 autent
835 4101 873 4144 ne,
884 4084 1040 4148 experimenta
1053 4085 1141 4135 Riazeti
1151 4087 1277 4135 cotenduttt
1287 4085 1391 4134 deiectat
1400 4086 1464 4134 telo-
1533 4141 1534 4144 Ἴ

177 4151 291 4199 emtam
300 4169 326 4200 te
336 4161 470 4199 mentitum
481 4167 530 4201 cate
546 4167 574 4200 ex
591 4151 691 4216 genitori
701 4151 737 4198 vel
748 4165 804 4198 ectr·
835 4150 910 4200 citatio
924 4149 1056 4210 respectiva
1065 4160 1118 4212 poet
1128 4150 1200 4198 ictum
1217 4152 1243 4198 in
1261 4149 1336 4214 globis
1352 4151 1463 4212 bunoge.

177 4215 229 4262 doti
245 4215 384 4264 chordarum
404 4229 462 4263 nono
479 4215 638 4281 intelligebet3
664 4215 690 4262 in
706 4213 806 4278 einpulit
837 4215 887 4262 neit
897 4229 946 4262 ecee
956 4213 981 4262 in
991 4213 1081 4262 retione
1099 4213 1272 4272 diametrorum,
1291 4222 1333 4260 eut
1350 4213 1419 4260 etiem
1438 4213 1464 4260 in

176 4279 317 4328 torsionibus
342 4279 423 4328 lobutn
431 4281 559 4328 eburneum
566 4281 603 4328 cu'
622 4278 807 4326 rdiemctmemt
837 4277 927 4326 ratione
937 4286 1069 4340 temporum
1080 4277 1165 4342 quibui
1180 4277 1243 4340 globi
1260 4275 1385 4337 mpretsi
1398 4275 1463 4325 reti-

175 4342 297 4392 duerumu
408 4342 553 4400 ,blodecem
607 4343 806 4407 elongoeppeo·
836 4350 943 4390 munere.

174 4423 225 4456 tum
236 4417 260 4456 et
270 4407 295 4454 in
305 4406 387 4456 medio
398 4407 511 4470 tantisper
520 4407 692 4484 complanctum
703 4406 728 4452 itt
740 4407 806 4454 ebor·
870 4405 906 4468 (⁸)
923 4411 961 4455 99.
982 4403 1007 4453 Si
1017 4419 1113 4482 meque·
1123 4403 1212 4480 alberit
1220 4401 1302 4458 inmo,
1314 4401 1464 4467 rimiiiterqoc

173 4469 224 4518 dim
236 4471 382 4528 demittebat,
395 4479 420 4519 et
430 4469 532 4519 nectat
542 4473 601 4519 ι’άιι
616 4469 751 4527 ηιὶιιειιιὶί,
767 4483 806 4516 ve·
837 4469 925 4518 serrum
936 4467 983 4516 elio
998 4471 1086 4517 tttberu
1104 4469 1179 4516 fruito
1196 4475 1353 4528 tmponentur,
1373 4477 1401 4516 ut
1415 4477 1463 4516 tarn

173 4533 285 4584 locitctem
297 4535 453 4598 respectivem
464 4534 519 4582 ente
529 4543 611 4596 etpost
621 4534 694 4581 ictum
702 4535 803 4582 notebet.
836 4547 935 4596 magnes
948 4547 1019 4594 quam
1034 4532 1122 4580 serrum
1141 4532 1166 4578 ln
1181 4529 1242 4594 equi
1260 4531 1276 4578 b
1349 4539 1462 4594 stagnent,

175 4597 308 4648 OEoemrit
319 4611 403 4647 eutem
414 4598 559 4646 velocitatem
570 4597 623 4646 ente
633 4599 706 4646 ictum
717 4613 767 4646 eece
776 4595 807 4644 ed
837 4595 922 4658 equali
932 4595 1010 4644 motus
1020 4594 1146 4658 quantitate
1154 4593 1196 4642 ubi
1208 4604 1291 4644 mutuo
1300 4610 1314 4643 c
1343 4593 1389 4642 iem
1398 4605 1461 4651 eunt,

173 4663 315 4714 relodntem
326 4671 383 4726 poet
393 4663 477 4718 ictum,
488 4671 516 4709 ut
528 4668 563 4716 ll.
574 4663 605 4710 ed
618 4667 655 4719 10,
671 4663 698 4709 in
711 4659 743 4708 li·
756 4669 808 4708 ten·
838 4659 872 4708 itt
882 4667 1000 4708 uteorum
1011 4657 1139 4708 celeritates
1148 4657 1195 4706 tint
1204 4657 1229 4704 in
1238 4658 1326 4708 ratione
1334 4658 1463 4720 ponderum

172 4727 239 4790 tione,
249 4745 308 4779 cunr
320 4726 415 4777 chorda
425 4725 493 4788 pulsu
500 4725 657 4774 mtitueretnr
664 4729 791 4787 temporess
797 4741 806 4782 ι
839 4722 968 4785 reciproci3
986 4721 1044 4770 dum
1054 4717 1109 4769 terti
1118 4721 1149 4772 ed
1160 4731 1291 4772 conmctum
1302 4733 1462 4784 pervenentnt,

169 4793 275 4843 utited
288 4791 411 4843 itini*-
425 4790 538 4849 terrim,
554 4788 807 4839 cttntcbcrdmtbu·
838 4785 1148 4850 ineqtdlibrioeontietunt.
1181 4786 1463 4848 Quariboecrpcrirncn·
