<?xml version="1.0" encoding="UTF-8"?>
<!DOCTYPE html PUBLIC "-//W3C//DTD XHTML 1.0 Transitional//EN"
    "http://www.w3.org/TR/xhtml1/DTD/xhtml1-transitional.dtd">
<html xmlns="http://www.w3.org/1999/xhtml" xml:lang="en" lang="en">
 <head>
  <title>
</title>
<meta http-equiv="Content-Type" content="text/html;charset=utf-8" />
  <meta name='ocr-system' content='tesseract 3.04.00' />
  <meta name='ocr-capabilities' content='ocr_page ocr_carea ocr_par ocr_line ocrx_word'/>
</head>
<body>
  <div class='ocr_page' id='page_1' title='image "./philosophinatur00wriggoog_0277.png"; bbox 0 0 3584 5864; ppageno 0'>
   <div class='ocr_carea' id='block_1_1' title="bbox 351 511 1633 592">
    <p class='ocr_par' dir='ltr' id='par_1_1' title="bbox 351 511 1633 592">
     <span class='ocr_line' id='line_1_1' title="bbox 351 511 1633 592; baseline -0.003 -10"><span class='ocrx_word' id='word_1_1' title='bbox 351 525 418 584; x_wconf 74' lang='grc'><strong>242</strong></span> <span class='ocrx_word' id='word_1_2' title='bbox 659 511 998 580; x_wconf 87' lang='lat' dir='ltr'>PHILOSOPHIAE</span> <span class='ocrx_word' id='word_1_3' title='bbox 1020 511 1292 578; x_wconf 82' lang='lat' dir='ltr'><strong>NATURALIS</strong></span> <span class='ocrx_word' id='word_1_4' title='bbox 1356 511 1464 592; x_wconf 83' lang='lat' dir='ltr'><strong>[Mor.</strong></span> <span class='ocrx_word' id='word_1_5' title='bbox 1481 513 1633 578; x_wconf 73' lang='lat' dir='ltr'><strong>Consors.</strong></span> 
     </span>
    </p>
   </div>
   <div class='ocr_carea' id='block_1_2' title="bbox 348 667 1633 1259">
    <p class='ocr_par' dir='ltr' id='par_1_2' title="bbox 348 667 1633 1259">
     <span class='ocr_line' id='line_1_2' title="bbox 348 667 1631 772; baseline -0.009 -17"><span class='ocrx_word' id='word_1_6' title='bbox 348 687 541 772; x_wconf 79' lang='lat' dir='ltr'>temporibus</span> <span class='ocrx_word' id='word_1_7' title='bbox 555 667 644 748; x_wconf 82' lang='lat' dir='ltr'><strong>faetae</strong></span> <span class='ocrx_word' id='word_1_8' title='bbox 657 683 697 767; x_wconf 87' lang='lat' dir='ltr'><strong>(si</strong></span> <span class='ocrx_word' id='word_1_9' title='bbox 711 691 871 746; x_wconf 80' lang='lat' dir='ltr'><strong>sumantur</strong></span> <span class='ocrx_word' id='word_1_10' title='bbox 885 679 1037 744; x_wconf 78' lang='lat' dir='ltr'><strong>bacarum</strong></span> <span class='ocrx_word' id='word_1_11' title='bbox 1050 677 1242 742; x_wconf 86' lang='lat' dir='ltr'><strong>nascentium</strong></span> <span class='ocrx_word' id='word_1_12' title='bbox 1264 677 1298 742; x_wconf 92' lang='lat' dir='ltr'>D</span> <span class='ocrx_word' id='word_1_13' title='bbox 1314 675 1353 754; x_wconf 87' lang='lat' dir='ltr'><strong>E,</strong></span> <span class='ocrx_word' id='word_1_14' title='bbox 1370 676 1387 742; x_wconf 99' lang='grc' dir='ltr'>Ι</span> <span class='ocrx_word' id='word_1_15' title='bbox 1403 677 1446 756; x_wconf 84' lang='grc' dir='ltr'><strong>Ν,</strong></span> <span class='ocrx_word' id='word_1_16' title='bbox 1464 677 1479 741; x_wconf 96' lang='grc' dir='ltr'><strong>Ι</strong></span> <span class='ocrx_word' id='word_1_17' title='bbox 1497 677 1539 754; x_wconf 89' lang='grc' dir='ltr'><strong>Κ,</strong></span> <span class='ocrx_word' id='word_1_18' title='bbox 1557 679 1573 742; x_wconf 96' lang='grc' dir='ltr'>Ι</span> <span class='ocrx_word' id='word_1_19' title='bbox 1589 678 1631 758; x_wconf 90' lang='grc' dir='ltr'><strong>Τ,</strong></span> 
     </span>
     <span class='ocr_line' id='line_1_3' title="bbox 350 782 1633 875; baseline -0.012 -13"><span class='ocrx_word' id='word_1_20' title='bbox 350 797 382 862; x_wconf 88' lang='grc' dir='ltr'>Ν</span> <span class='ocrx_word' id='word_1_21' title='bbox 399 795 430 858; x_wconf 92' lang='grc' dir='ltr'><strong>Τ</strong></span> <span class='ocrx_word' id='word_1_22' title='bbox 444 794 578 857; x_wconf 82' lang='lat' dir='ltr'><strong>rationes</strong></span> <span class='ocrx_word' id='word_1_23' title='bbox 592 789 715 875; x_wconf 79' lang='lat' dir='ltr'><strong>primae)</strong></span> <span class='ocrx_word' id='word_1_24' title='bbox 738 798 810 854; x_wconf 89' lang='lat' dir='ltr'><strong>sunt</strong></span> <span class='ocrx_word' id='word_1_25' title='bbox 830 797 866 850; x_wconf 89' lang='lat' dir='ltr'><strong>ut</strong></span> <span class='ocrx_word' id='word_1_26' title='bbox 888 785 979 850; x_wconf 82' lang='lat' dir='ltr'><strong>lincae</strong></span> <span class='ocrx_word' id='word_1_27' title='bbox 1001 784 1036 848; x_wconf 90' lang='lat' dir='ltr'>D</span> <span class='ocrx_word' id='word_1_28' title='bbox 1052 784 1090 860; x_wconf 87' lang='grc' dir='ltr'><strong>Ε,</strong></span> <span class='ocrx_word' id='word_1_29' title='bbox 1108 784 1125 847; x_wconf 95' lang='lat' dir='ltr'>I</span> <span class='ocrx_word' id='word_1_30' title='bbox 1141 782 1191 847; x_wconf 88' lang='lat' dir='ltr'><strong>T:</strong></span> <span class='ocrx_word' id='word_1_31' title='bbox 1214 782 1406 867; x_wconf 82' lang='lat' dir='ltr'><strong>temporibus</strong></span> <span class='ocrx_word' id='word_1_32' title='bbox 1430 790 1542 846; x_wconf 77' lang='lat' dir='ltr'><strong>autem·</strong></span> <span class='ocrx_word' id='word_1_33' title='bbox 1557 785 1633 846; x_wconf 86' lang='lat' dir='ltr'><strong>inae-</strong></span> 
     </span>
     <span class='ocr_line' id='line_1_4' title="bbox 348 888 1632 989; baseline -0.012 -20"><span class='ocrx_word' id='word_1_34' title='bbox 348 901 490 989; x_wconf 73' lang='lat' dir='ltr'><strong>qualibus</strong></span> <span class='ocrx_word' id='word_1_35' title='bbox 505 914 541 965; x_wconf 91' lang='lat' dir='ltr'><strong>ut</strong></span> <span class='ocrx_word' id='word_1_36' title='bbox 554 899 646 962; x_wconf 87' lang='lat' dir='ltr'><strong>lineae</strong></span> <span class='ocrx_word' id='word_1_37' title='bbox 668 896 730 958; x_wconf 88' lang='lat' dir='ltr'><strong>illae</strong></span> <span class='ocrx_word' id='word_1_38' title='bbox 745 905 777 958; x_wconf 89' lang='lat' dir='ltr'><strong>et</strong></span> <span class='ocrx_word' id='word_1_39' title='bbox 798 906 939 976; x_wconf 87' lang='lat' dir='ltr'><strong>tempora</strong></span> <span class='ocrx_word' id='word_1_40' title='bbox 964 889 1161 975; x_wconf 86' lang='lat' dir='ltr'><strong>conjunctim.</strong></span> <span class='ocrx_word' id='word_1_41' title='bbox 1206 888 1366 972; x_wconf 83' lang='lat' dir='ltr'><strong>Tempora</strong></span> <span class='ocrx_word' id='word_1_42' title='bbox 1389 899 1492 952; x_wconf 87' lang='lat' dir='ltr'><strong>autem</strong></span> <span class='ocrx_word' id='word_1_43' title='bbox 1519 891 1632 975; x_wconf 85' lang='lat' dir='ltr'><strong>quibus</strong></span> 
     </span>
     <span class='ocr_line' id='line_1_5' title="bbox 348 993 1630 1094; baseline -0.018 -21"><span class='ocrx_word' id='word_1_44' title='bbox 348 1009 383 1074; x_wconf 95' lang='lat' dir='ltr'>D</span> <span class='ocrx_word' id='word_1_45' title='bbox 399 1009 428 1071; x_wconf 88' lang='lat' dir='ltr'><strong>E</strong></span> <span class='ocrx_word' id='word_1_46' title='bbox 443 1006 505 1071; x_wconf 89' lang='lat' dir='ltr'><strong>etI</strong></span> <span class='ocrx_word' id='word_1_47' title='bbox 522 1005 555 1068; x_wconf 90' lang='lat' dir='ltr'><strong>K</strong></span> <span class='ocrx_word' id='word_1_48' title='bbox 579 1000 805 1076; x_wconf 86' lang='lat' dir='ltr'><strong>describuntur,</strong></span> <span class='ocrx_word' id='word_1_49' title='bbox 828 997 871 1062; x_wconf 91' lang='lat' dir='ltr'><strong>ob</strong></span> <span class='ocrx_word' id='word_1_50' title='bbox 892 995 1100 1082; x_wconf 70' lang='lat' dir='ltr'><strong>aequalitatem</strong></span> <span class='ocrx_word' id='word_1_51' title='bbox 1121 993 1319 1058; x_wconf 85' lang='lat' dir='ltr'><strong>velocitatum</strong></span> <span class='ocrx_word' id='word_1_52' title='bbox 1598 1020 1630 1094; x_wconf 71' lang='grc' dir='ltr'><strong>Α</strong></span> 
     </span>
     <span class='ocr_line' id='line_1_6' title="bbox 349 1023 1630 1259; baseline -0.018 -81"><span class='ocrx_word' id='word_1_53' title='bbox 349 1125 422 1178; x_wconf 87' lang='lat' dir='ltr'><strong>sunt</strong></span> <span class='ocrx_word' id='word_1_54' title='bbox 436 1123 471 1176; x_wconf 91' lang='lat' dir='ltr'><strong>ut</strong></span> <span class='ocrx_word' id='word_1_55' title='bbox 495 1111 554 1174; x_wconf 85' lang='lat' dir='ltr'><strong>viae</strong></span> <span class='ocrx_word' id='word_1_56' title='bbox 583 1107 747 1191; x_wconf 79' lang='lat' dir='ltr'><strong>descriptae</strong></span> <span class='ocrx_word' id='word_1_57' title='bbox 767 1105 801 1170; x_wconf 92' lang='lat' dir='ltr'>D</span> <span class='ocrx_word' id='word_1_58' title='bbox 818 1101 847 1166; x_wconf 86' lang='lat' dir='ltr'>E</span> <span class='ocrx_word' id='word_1_59' title='bbox 862 1113 893 1166; x_wconf 90' lang='lat' dir='ltr'><strong>et</strong></span> <span class='ocrx_word' id='word_1_60' title='bbox 908 1103 925 1165; x_wconf 95' lang='grc' dir='ltr'>Ι</span> <span class='ocrx_word' id='word_1_61' title='bbox 943 1101 984 1177; x_wconf 88' lang='lat' dir='ltr'><strong>K,</strong></span> <span class='ocrx_word' id='word_1_62' title='bbox 1008 1099 1141 1184; x_wconf 89' lang='lat' dir='ltr'><strong>ideoque</strong></span> <span class='ocrx_word' id='word_1_63' title='bbox 1165 1098 1317 1162; x_wconf 86' lang='lat' dir='ltr'><strong>accelera-</strong></span> <span class='ocrx_word' id='word_1_64' title='bbox 1589 1023 1630 1259; x_wconf 61' lang='lat' dir='ltr'><strong>,V</strong></span> 
     </span>
    </p>
   </div>
   <div class='ocr_carea' id='block_1_3' title="bbox 350 1205 1638 3950">
    <p class='ocr_par' dir='ltr' id='par_1_3' title="bbox 350 1205 1436 1518">
     <span class='ocr_line' id='line_1_7' title="bbox 351 1205 1319 1295; baseline -0.012 -13"><span class='ocrx_word' id='word_1_65' title='bbox 351 1219 461 1294; x_wconf 87' lang='lat' dir='ltr'><strong>tiones,</strong></span> <span class='ocrx_word' id='word_1_66' title='bbox 476 1216 510 1278; x_wconf 92' lang='lat' dir='ltr'><strong>in</strong></span> <span class='ocrx_word' id='word_1_67' title='bbox 525 1237 616 1278; x_wconf 84' lang='lat' dir='ltr'><strong>cursu</strong></span> <span class='ocrx_word' id='word_1_68' title='bbox 631 1231 798 1295; x_wconf 79' lang='lat' dir='ltr'><strong>corpomrm</strong></span> <span class='ocrx_word' id='word_1_69' title='bbox 819 1229 876 1292; x_wconf 92' lang='lat' dir='ltr'><strong>per</strong></span> <span class='ocrx_word' id='word_1_70' title='bbox 895 1206 993 1270; x_wconf 91' lang='lat' dir='ltr'><strong>lineas</strong></span> <span class='ocrx_word' id='word_1_71' title='bbox 1015 1205 1049 1270; x_wconf 90' lang='lat' dir='ltr'>D</span> <span class='ocrx_word' id='word_1_72' title='bbox 1065 1205 1094 1270; x_wconf 88' lang='lat' dir='ltr'>E</span> <span class='ocrx_word' id='word_1_73' title='bbox 1108 1217 1140 1270; x_wconf 87' lang='lat' dir='ltr'><strong>et</strong></span> <span class='ocrx_word' id='word_1_74' title='bbox 1155 1205 1171 1269; x_wconf 96' lang='lat' dir='ltr'>I</span> <span class='ocrx_word' id='word_1_75' title='bbox 1188 1205 1230 1282; x_wconf 93' lang='lat' dir='ltr'><strong>K,</strong></span> <span class='ocrx_word' id='word_1_76' title='bbox 1247 1217 1319 1270; x_wconf 87' lang='lat' dir='ltr'><strong>suut</strong></span> 
     </span>
     <span class='ocr_line' id='line_1_8' title="bbox 350 1313 1436 1399; baseline -0.009 -10"><span class='ocrx_word' id='word_1_77' title='bbox 350 1313 1045 1399; x_wconf 84' lang='lat' dir='ltr'><strong>utDEetIT,DEetIKconjunctim,</strong></span> <span class='ocrx_word' id='word_1_78' title='bbox 1067 1313 1102 1376; x_wconf 92' lang='lat' dir='ltr'><strong>id</strong></span> <span class='ocrx_word' id='word_1_79' title='bbox 1120 1325 1168 1378; x_wconf 91' lang='lat' dir='ltr'><strong>est</strong></span> <span class='ocrx_word' id='word_1_80' title='bbox 1191 1314 1320 1380; x_wconf 86' lang='lat' dir='ltr'><strong>utDE</strong></span> <span class='ocrx_word' id='word_1_81' title='bbox 1433 1333 1436 1340; x_wconf 83' lang='grc'><strong>’</strong></span> 
     </span>
     <span class='ocr_line' id='line_1_9' title="bbox 350 1419 1318 1518; baseline -0.012 -24"><span class='ocrx_word' id='word_1_82' title='bbox 350 1429 443 1518; x_wconf 88' lang='lat' dir='ltr'><strong>quad.</strong></span> <span class='ocrx_word' id='word_1_83' title='bbox 459 1427 522 1492; x_wconf 88' lang='lat' dir='ltr'><strong>etl</strong></span> <span class='ocrx_word' id='word_1_84' title='bbox 538 1426 570 1490; x_wconf 93' lang='grc' dir='ltr'><strong>Τ</strong></span> <span class='ocrx_word' id='word_1_85' title='bbox 593 1439 620 1489; x_wconf 84' lang='grc' dir='ltr'>Χ</span> <span class='ocrx_word' id='word_1_86' title='bbox 643 1425 660 1488; x_wconf 94' lang='lat' dir='ltr'>I</span> <span class='ocrx_word' id='word_1_87' title='bbox 684 1423 717 1488; x_wconf 93' lang='lat' dir='ltr'><strong>K</strong></span> <span class='ocrx_word' id='word_1_88' title='bbox 740 1419 964 1508; x_wconf 78' lang='lat' dir='ltr'><strong>rectangulum.</strong></span> <span class='ocrx_word' id='word_1_89' title='bbox 1009 1419 1042 1504; x_wconf 59' lang='grc' dir='ltr'><strong>(Ι)</strong></span> <span class='ocrx_word' id='word_1_90' title='bbox 1067 1419 1131 1484; x_wconf 86' lang='lat' dir='ltr'><strong>Sed</strong></span> <span class='ocrx_word' id='word_1_91' title='bbox 1155 1431 1318 1507; x_wconf 81' lang='lat' dir='ltr'><strong>rectangu·</strong></span> 
     </span>
    </p>

    <p class='ocr_par' dir='ltr' id='par_1_4' title="bbox 352 1524 1418 1727">
     <span class='ocr_line' id='line_1_10' title="bbox 352 1524 1418 1616; baseline -0.008 -16"><span class='ocrx_word' id='word_1_92' title='bbox 352 1536 416 1600; x_wconf 88' lang='lat' dir='ltr'><strong>lum</strong></span> <span class='ocrx_word' id='word_1_93' title='bbox 439 1535 456 1597; x_wconf 95' lang='grc' dir='ltr'>Ι</span> <span class='ocrx_word' id='word_1_94' title='bbox 479 1533 511 1596; x_wconf 92' lang='grc' dir='ltr'>Τ</span> <span class='ocrx_word' id='word_1_95' title='bbox 534 1531 600 1597; x_wconf 85' lang='lat'><strong>&gt;&lt;1</strong></span> <span class='ocrx_word' id='word_1_96' title='bbox 628 1530 660 1593; x_wconf 88' lang='grc' dir='ltr'><strong>Κ</strong></span> <span class='ocrx_word' id='word_1_97' title='bbox 685 1527 805 1616; x_wconf 88' lang='lat' dir='ltr'><strong>aequale</strong></span> <span class='ocrx_word' id='word_1_98' title='bbox 830 1539 877 1592; x_wconf 90' lang='lat' dir='ltr'><strong>est</strong></span> <span class='ocrx_word' id='word_1_99' title='bbox 900 1525 966 1590; x_wconf 92' lang='lat' dir='ltr'><strong>IN</strong></span> <span class='ocrx_word' id='word_1_100' title='bbox 989 1524 1149 1612; x_wconf 87' lang='lat' dir='ltr'><strong>quadrato,</strong></span> <span class='ocrx_word' id='word_1_101' title='bbox 1177 1525 1319 1605; x_wconf 77' lang='lat' dir='ltr'><strong>horest,</strong></span> <span class='ocrx_word' id='word_1_102' title='bbox 1416 1583 1418 1592; x_wconf 93' lang='lat'><em>.</em></span> 
     </span>
     <span class='ocr_line' id='line_1_11' title="bbox 353 1629 1320 1727; baseline -0.011 -22"><span class='ocrx_word' id='word_1_103' title='bbox 353 1639 472 1727; x_wconf 70' lang='lat' dir='ltr'><strong>aequale</strong></span> <span class='ocrx_word' id='word_1_104' title='bbox 486 1639 521 1704; x_wconf 95' lang='lat' dir='ltr'>D</span> <span class='ocrx_word' id='word_1_105' title='bbox 537 1638 566 1700; x_wconf 89' lang='lat' dir='ltr'><strong>E</strong></span> <span class='ocrx_word' id='word_1_106' title='bbox 583 1635 676 1722; x_wconf 88' lang='lat' dir='ltr'><strong>quad.</strong></span> <span class='ocrx_word' id='word_1_107' title='bbox 692 1647 723 1698; x_wconf 89' lang='lat' dir='ltr'><strong>et</strong></span> <span class='ocrx_word' id='word_1_108' title='bbox 743 1645 910 1719; x_wconf 83' lang='lat' dir='ltr'><strong>propterea</strong></span> <span class='ocrx_word' id='word_1_109' title='bbox 924 1629 1159 1694; x_wconf 85' lang='lat' dir='ltr'><strong>accelerationes</strong></span> <span class='ocrx_word' id='word_1_110' title='bbox 1180 1630 1214 1692; x_wconf 92' lang='lat' dir='ltr'><strong>in</strong></span> <span class='ocrx_word' id='word_1_111' title='bbox 1236 1643 1320 1694; x_wconf 87' lang='lat' dir='ltr'><strong>tran·</strong></span> 
     </span>
    </p>

    <p class='ocr_par' dir='ltr' id='par_1_5' title="bbox 352 1735 1391 2150">
     <span class='ocr_line' id='line_1_12' title="bbox 352 1735 1322 1830; baseline -0.011 -19"><span class='ocrx_word' id='word_1_112' title='bbox 352 1749 414 1812; x_wconf 90' lang='lat' dir='ltr'><strong>situ</strong></span> <span class='ocrx_word' id='word_1_113' title='bbox 429 1767 595 1830; x_wconf 87' lang='lat' dir='ltr'><strong>corporum</strong></span> <span class='ocrx_word' id='word_1_114' title='bbox 610 1765 629 1806; x_wconf 89' lang='lat' dir='ltr'><strong>a</strong></span> <span class='ocrx_word' id='word_1_115' title='bbox 644 1742 677 1807; x_wconf 95' lang='lat' dir='ltr'>D</span> <span class='ocrx_word' id='word_1_116' title='bbox 689 1752 721 1805; x_wconf 90' lang='lat' dir='ltr'><strong>et</strong></span> <span class='ocrx_word' id='word_1_117' title='bbox 736 1740 753 1803; x_wconf 91' lang='lat' dir='ltr'>I</span> <span class='ocrx_word' id='word_1_118' title='bbox 768 1739 809 1803; x_wconf 92' lang='lat' dir='ltr'><strong>ud</strong></span> <span class='ocrx_word' id='word_1_119' title='bbox 823 1737 852 1802; x_wconf 88' lang='lat' dir='ltr'><strong>E</strong></span> <span class='ocrx_word' id='word_1_120' title='bbox 867 1750 898 1802; x_wconf 89' lang='lat' dir='ltr'><strong>et</strong></span> <span class='ocrx_word' id='word_1_121' title='bbox 913 1735 946 1800; x_wconf 91' lang='lat' dir='ltr'><strong>K</strong></span> <span class='ocrx_word' id='word_1_122' title='bbox 969 1735 1102 1822; x_wconf 73' lang='lat' dir='ltr'><strong>aequales</strong></span> <span class='ocrx_word' id='word_1_123' title='bbox 1124 1747 1322 1822; x_wconf 78' lang='lat' dir='ltr'><strong>generantur.</strong></span> 
     </span>
     <span class='ocr_line' id='line_1_13' title="bbox 353 1825 1391 1939; baseline -0.019 -22"><span class='ocrx_word' id='word_1_124' title='bbox 353 1851 504 1939; x_wconf 87' lang='lat' dir='ltr'><strong>AEquales</strong></span> <span class='ocrx_word' id='word_1_125' title='bbox 521 1851 616 1938; x_wconf 86' lang='lat' dir='ltr'><strong>igitur</strong></span> <span class='ocrx_word' id='word_1_126' title='bbox 638 1859 711 1912; x_wconf 90' lang='lat' dir='ltr'><strong>sunt</strong></span> <span class='ocrx_word' id='word_1_127' title='bbox 736 1865 902 1930; x_wconf 87' lang='lat' dir='ltr'><strong>corporum</strong></span> <span class='ocrx_word' id='word_1_128' title='bbox 927 1841 1103 1905; x_wconf 79' lang='lat' dir='ltr'><strong>velocitates</strong></span> <span class='ocrx_word' id='word_1_129' title='bbox 1123 1841 1156 1903; x_wconf 91' lang='lat' dir='ltr'><strong>iu</strong></span> <span class='ocrx_word' id='word_1_130' title='bbox 1180 1839 1255 1904; x_wconf 88' lang='lat' dir='ltr'><strong>Eet</strong></span> <span class='ocrx_word' id='word_1_131' title='bbox 1270 1841 1322 1906; x_wconf 91' lang='lat' dir='ltr'><strong>K:</strong></span> <span class='ocrx_word' id='word_1_132' title='bbox 1350 1825 1391 1898; x_wconf 89' lang='lat' dir='ltr'><strong>K</strong></span> 
     </span>
     <span class='ocr_line' id='line_1_14' title="bbox 353 1947 1324 2044; baseline -0.011 -21"><span class='ocrx_word' id='word_1_133' title='bbox 353 1972 386 2023; x_wconf 86' lang='lat' dir='ltr'><strong>et</strong></span> <span class='ocrx_word' id='word_1_134' title='bbox 400 1959 511 2023; x_wconf 87' lang='lat' dir='ltr'><strong>eodem</strong></span> <span class='ocrx_word' id='word_1_135' title='bbox 525 1967 709 2044; x_wconf 83' lang='lat' dir='ltr'><strong>argumento</strong></span> <span class='ocrx_word' id='word_1_136' title='bbox 724 1973 847 2036; x_wconf 85' lang='lat' dir='ltr'><strong>semper</strong></span> <span class='ocrx_word' id='word_1_137' title='bbox 861 1949 1055 2034; x_wconf 87' lang='lat' dir='ltr'><strong>reperientur</strong></span> <span class='ocrx_word' id='word_1_138' title='bbox 1063 1947 1198 2032; x_wconf 80' lang='lat' dir='ltr'><strong>aequales</strong></span> <span class='ocrx_word' id='word_1_139' title='bbox 1207 1947 1240 2010; x_wconf 90' lang='lat' dir='ltr'><strong>in</strong></span> <span class='ocrx_word' id='word_1_140' title='bbox 1251 1949 1324 2012; x_wconf 89' lang='lat' dir='ltr'><strong>sub·</strong></span> 
     </span>
     <span class='ocr_line' id='line_1_15' title="bbox 355 2051 1096 2150; baseline -0.02 -20"><span class='ocrx_word' id='word_1_141' title='bbox 355 2063 554 2150; x_wconf 85' lang='lat' dir='ltr'><strong>sequentibus</strong></span> <span class='ocrx_word' id='word_1_142' title='bbox 568 2059 740 2146; x_wconf 69' lang='lat' dir='ltr'><strong>aequalibus</strong></span> <span class='ocrx_word' id='word_1_143' title='bbox 754 2055 935 2120; x_wconf 73' lang='lat' dir='ltr'><strong>distantiis·</strong></span> <span class='ocrx_word' id='word_1_144' title='bbox 963 2053 1006 2128; x_wconf 82' lang='lat' dir='ltr'><strong>Q.</strong></span> <span class='ocrx_word' id='word_1_145' title='bbox 1021 2051 1096 2116; x_wconf 84' lang='lat' dir='ltr'><strong>e.&#39;d.</strong></span> 
     </span>
    </p>

    <p class='ocr_par' dir='ltr' id='par_1_6' title="bbox 356 2161 1375 2468">
     <span class='ocr_line' id='line_1_16' title="bbox 401 2161 1325 2254; baseline -0.011 -18"><span class='ocrx_word' id='word_1_146' title='bbox 401 2170 464 2238; x_wconf 90' lang='lat' dir='ltr'><strong>Sed</strong></span> <span class='ocrx_word' id='word_1_147' title='bbox 479 2183 510 2234; x_wconf 90' lang='lat' dir='ltr'><strong>et</strong></span> <span class='ocrx_word' id='word_1_148' title='bbox 532 2170 579 2254; x_wconf 83' lang='lat'>(¹¹¹)</span> <span class='ocrx_word' id='word_1_149' title='bbox 603 2167 714 2231; x_wconf 87' lang='lat' dir='ltr'><strong>eodem</strong></span> <span class='ocrx_word' id='word_1_150' title='bbox 728 2175 912 2252; x_wconf 80' lang='lat' dir='ltr'><strong>argumento</strong></span> <span class='ocrx_word' id='word_1_151' title='bbox 927 2182 1060 2245; x_wconf 87' lang='lat' dir='ltr'><strong>corpora</strong></span> <span class='ocrx_word' id='word_1_152' title='bbox 1073 2161 1273 2248; x_wconf 85' lang='lat' dir='ltr'><strong>aequiveloeia</strong></span> <span class='ocrx_word' id='word_1_153' title='bbox 1294 2175 1325 2226; x_wconf 85' lang='lat' dir='ltr'><strong>et</strong></span> 
     </span>
     <span class='ocr_line' id='line_1_17' title="bbox 356 2269 1375 2364; baseline -0.009 -22"><span class='ocrx_word' id='word_1_154' title='bbox 356 2279 516 2364; x_wconf 75' lang='lat' dir='ltr'><strong>aequaliter</strong></span> <span class='ocrx_word' id='word_1_155' title='bbox 531 2299 550 2340; x_wconf 90' lang='lat' dir='ltr'><strong>a</strong></span> <span class='ocrx_word' id='word_1_156' title='bbox 564 2287 673 2340; x_wconf 89' lang='lat' dir='ltr'><strong>centro</strong></span> <span class='ocrx_word' id='word_1_157' title='bbox 687 2272 842 2348; x_wconf 86' lang='lat' dir='ltr'><strong>distantia,</strong></span> <span class='ocrx_word' id='word_1_158' title='bbox 857 2271 890 2333; x_wconf 89' lang='lat' dir='ltr'><strong>in</strong></span> <span class='ocrx_word' id='word_1_159' title='bbox 907 2289 1037 2334; x_wconf 85' lang='lat' dir='ltr'><strong>ascensu</strong></span> <span class='ocrx_word' id='word_1_160' title='bbox 1052 2269 1093 2332; x_wconf 87' lang='lat' dir='ltr'><strong>ad</strong></span> <span class='ocrx_word' id='word_1_161' title='bbox 1106 2269 1242 2356; x_wconf 67' lang='lat' dir='ltr'><strong>aequales</strong></span> <span class='ocrx_word' id='word_1_162' title='bbox 1263 2269 1325 2334; x_wconf 86' lang='lat' dir='ltr'><strong>dis-</strong></span> <span class='ocrx_word' id='word_1_163' title='bbox 1373 2320 1375 2349; x_wconf 78' lang='lat' dir='ltr'><em>z</em></span> 
     </span>
     <span class='ocr_line' id='line_1_18' title="bbox 356 2365 1089 2468; baseline -0.015 -20"><span class='ocrx_word' id='word_1_164' title='bbox 356 2365 469 2448; x_wconf 82' lang='lat' dir='ltr'><strong>tantias</strong></span> <span class='ocrx_word' id='word_1_165' title='bbox 485 2381 645 2468; x_wconf 83' lang='lat' dir='ltr'><strong>aequaliter</strong></span> <span class='ocrx_word' id='word_1_166' title='bbox 660 2376 909 2442; x_wconf 84' lang='lat' dir='ltr'><strong>retardabantur.</strong></span> <span class='ocrx_word' id='word_1_167' title='bbox 955 2375 1000 2450; x_wconf 71' lang='lat' dir='ltr'><strong>Q,</strong></span> <span class='ocrx_word' id='word_1_168' title='bbox 1014 2395 1042 2438; x_wconf 84' lang='lat' dir='ltr'><strong>e.</strong></span> <span class='ocrx_word' id='word_1_169' title='bbox 1057 2374 1089 2438; x_wconf 90' lang='lat' dir='ltr'><strong>d.</strong></span> 
     </span>
    </p>

    <p class='ocr_par' dir='ltr' id='par_1_7' title="bbox 356 2479 1636 3401">
     <span class='ocr_line' id='line_1_19' title="bbox 400 2479 1324 2567; baseline -0.01 -14"><span class='ocrx_word' id='word_1_170' title='bbox 400 2491 498 2554; x_wconf 86' lang='lat' dir='ltr'><strong>Corol.</strong></span> <span class='ocrx_word' id='word_1_171' title='bbox 527 2497 554 2552; x_wconf 88' lang='lat' dir='ltr'><strong>l.</strong></span> <span class='ocrx_word' id='word_1_172' title='bbox 579 2486 666 2550; x_wconf 88' lang='lat' dir='ltr'><strong>Hinc</strong></span> <span class='ocrx_word' id='word_1_173' title='bbox 680 2485 707 2548; x_wconf 91' lang='lat' dir='ltr'><strong>si</strong></span> <span class='ocrx_word' id='word_1_174' title='bbox 721 2505 834 2567; x_wconf 86' lang='lat' dir='ltr'><strong>corpus</strong></span> <span class='ocrx_word' id='word_1_175' title='bbox 843 2481 893 2545; x_wconf 87' lang='lat' dir='ltr'><strong>vel</strong></span> <span class='ocrx_word' id='word_1_176' title='bbox 907 2479 1064 2544; x_wconf 75' lang='lat' dir='ltr'><strong>osdlletur</strong></span> <span class='ocrx_word' id='word_1_177' title='bbox 1075 2480 1215 2564; x_wconf 87' lang='lat' dir='ltr'><strong>pendens</strong></span> <span class='ocrx_word' id='word_1_178' title='bbox 1230 2481 1324 2560; x_wconf 85' lang='lat' dir='ltr'><strong>afilo,</strong></span> 
     </span>
     <span class='ocr_line' id='line_1_20' title="bbox 357 2587 1329 2681; baseline -0.007 -21"><span class='ocrx_word' id='word_1_179' title='bbox 357 2596 406 2660; x_wconf 89' lang='lat' dir='ltr'><strong>vel</strong></span> <span class='ocrx_word' id='word_1_180' title='bbox 421 2595 644 2681; x_wconf 89' lang='lat' dir='ltr'><strong>impedimento</strong></span> <span class='ocrx_word' id='word_1_181' title='bbox 659 2591 767 2678; x_wconf 84' lang='lat' dir='ltr'><strong>quovis</strong></span> <span class='ocrx_word' id='word_1_182' title='bbox 782 2589 967 2674; x_wconf 81' lang='lat' dir='ltr'><strong>politissima</strong></span> <span class='ocrx_word' id='word_1_183' title='bbox 991 2600 1023 2653; x_wconf 92' lang='lat' dir='ltr'><strong>et</strong></span> <span class='ocrx_word' id='word_1_184' title='bbox 1047 2587 1182 2671; x_wconf 73' lang='lat' dir='ltr'><strong>perfecte</strong></span> <span class='ocrx_word' id='word_1_185' title='bbox 1205 2588 1329 2654; x_wconf 85' lang='lat' dir='ltr'><strong>lubrico</strong></span> 
     </span>
     <span class='ocr_line' id='line_1_21' title="bbox 356 2694 1634 2788; baseline -0.007 -22"><span class='ocrx_word' id='word_1_186' title='bbox 356 2713 487 2788; x_wconf 80' lang='lat' dir='ltr'><strong>cogatur</strong></span> <span class='ocrx_word' id='word_1_187' title='bbox 500 2703 533 2764; x_wconf 89' lang='lat' dir='ltr'><strong>in</strong></span> <span class='ocrx_word' id='word_1_188' title='bbox 547 2699 629 2765; x_wconf 76' lang='lat' dir='ltr'><strong>lineri</strong></span> <span class='ocrx_word' id='word_1_189' title='bbox 645 2697 739 2762; x_wconf 74' lang='lat' dir='ltr'><strong>curve</strong></span> <span class='ocrx_word' id='word_1_190' title='bbox 754 2696 883 2774; x_wconf 86' lang='lat' dir='ltr'><strong>moveri,</strong></span> <span class='ocrx_word' id='word_1_191' title='bbox 899 2708 931 2760; x_wconf 90' lang='lat' dir='ltr'><strong>et</strong></span> <span class='ocrx_word' id='word_1_192' title='bbox 944 2716 1057 2778; x_wconf 83' lang='lat' dir='ltr'><strong>corpus</strong></span> <span class='ocrx_word' id='word_1_193' title='bbox 1072 2694 1157 2758; x_wconf 88' lang='lat' dir='ltr'><strong>aliud</strong></span> <span class='ocrx_word' id='word_1_194' title='bbox 1170 2694 1254 2760; x_wconf 64' lang='lat' dir='ltr'><strong>recti</strong></span> <span class='ocrx_word' id='word_1_195' title='bbox 1269 2695 1415 2760; x_wconf 65' lang='lat' dir='ltr'><strong>mandat</strong></span> <span class='ocrx_word' id='word_1_196' title='bbox 1435 2695 1484 2758; x_wconf 85' lang='lat' dir='ltr'><strong>vel</strong></span> <span class='ocrx_word' id='word_1_197' title='bbox 1506 2694 1634 2760; x_wconf 84' lang='lat' dir='ltr'><strong>deseen-</strong></span> 
     </span>
     <span class='ocr_line' id='line_1_22' title="bbox 357 2799 1634 2892; baseline -0.005 -22"><span class='ocrx_word' id='word_1_198' title='bbox 357 2807 422 2882; x_wconf 81' lang='lat' dir='ltr'><strong>dat,</strong></span> <span class='ocrx_word' id='word_1_199' title='bbox 439 2807 561 2892; x_wconf 88' lang='lat' dir='ltr'><strong>sintque</strong></span> <span class='ocrx_word' id='word_1_200' title='bbox 576 2805 753 2868; x_wconf 87' lang='lat' dir='ltr'><strong>velocitates</strong></span> <span class='ocrx_word' id='word_1_201' title='bbox 767 2823 876 2876; x_wconf 87' lang='lat' dir='ltr'><strong>eorum</strong></span> <span class='ocrx_word' id='word_1_202' title='bbox 897 2802 931 2864; x_wconf 89' lang='lat' dir='ltr'><strong>in</strong></span> <span class='ocrx_word' id='word_1_203' title='bbox 956 2799 1065 2865; x_wconf 76' lang='lat' dir='ltr'><strong>eddam</strong></span> <span class='ocrx_word' id='word_1_204' title='bbox 1090 2800 1274 2887; x_wconf 71' lang='lat' dir='ltr'><strong>quietamque</strong></span> <span class='ocrx_word' id='word_1_205' title='bbox 1299 2801 1460 2866; x_wconf 86' lang='lat' dir='ltr'><strong>altitudine</strong></span> <span class='ocrx_word' id='word_1_206' title='bbox 1483 2799 1634 2886; x_wconf 71' lang='lat' dir='ltr'><strong>aquales:</strong></span> 
     </span>
     <span class='ocr_line' id='line_1_23' title="bbox 358 2907 1636 2993; baseline -0.005 -17"><span class='ocrx_word' id='word_1_207' title='bbox 358 2923 453 2976; x_wconf 90' lang='lat' dir='ltr'><strong>erunt</strong></span> <span class='ocrx_word' id='word_1_208' title='bbox 481 2911 658 2980; x_wconf 63' lang='lat' dir='ltr'><strong>velocitates</strong></span> <span class='ocrx_word' id='word_1_209' title='bbox 684 2931 791 2974; x_wconf 91' lang='lat' dir='ltr'><strong>eorurn</strong></span> <span class='ocrx_word' id='word_1_210' title='bbox 814 2909 848 2972; x_wconf 87' lang='lat' dir='ltr'><strong>in</strong></span> <span class='ocrx_word' id='word_1_211' title='bbox 872 2908 941 2972; x_wconf 86' lang='lat' dir='ltr'><strong>aliis</strong></span> <span class='ocrx_word' id='word_1_212' title='bbox 970 2907 1205 2992; x_wconf 81' lang='lat' dir='ltr'><strong>quibuscunque</strong></span> <span class='ocrx_word' id='word_1_213' title='bbox 1230 2907 1400 2993; x_wconf 70' lang='lat' dir='ltr'><strong>aequalibus</strong></span> <span class='ocrx_word' id='word_1_214' title='bbox 1426 2907 1636 2972; x_wconf 87' lang='lat' dir='ltr'><strong>altitudinibus</strong></span> 
     </span>
     <span class='ocr_line' id='line_1_24' title="bbox 360 3011 1636 3104; baseline -0.005 -24"><span class='ocrx_word' id='word_1_215' title='bbox 360 3016 508 3104; x_wconf 86' lang='lat' dir='ltr'><strong>aequales.</strong></span> <span class='ocrx_word' id='word_1_216' title='bbox 555 3015 699 3101; x_wconf 89' lang='lat' dir='ltr'><strong>Namque</strong></span> <span class='ocrx_word' id='word_1_217' title='bbox 714 3013 852 3098; x_wconf 89' lang='lat' dir='ltr'><strong>corporis</strong></span> <span class='ocrx_word' id='word_1_218' title='bbox 865 3012 995 3097; x_wconf 91' lang='lat' dir='ltr'><strong>penduli</strong></span> <span class='ocrx_word' id='word_1_219' title='bbox 1009 3011 1065 3076; x_wconf 83' lang='lat' dir='ltr'><strong>filo</strong></span> <span class='ocrx_word' id='word_1_220' title='bbox 1078 3011 1127 3075; x_wconf 85' lang='lat' dir='ltr'><strong>rel</strong></span> <span class='ocrx_word' id='word_1_221' title='bbox 1150 3015 1187 3096; x_wconf 81' lang='lat'><strong>(¹¹)</strong></span> <span class='ocrx_word' id='word_1_222' title='bbox 1210 3012 1430 3095; x_wconf 88' lang='lat' dir='ltr'><strong>impedimento</strong></span> <span class='ocrx_word' id='word_1_223' title='bbox 1452 3012 1531 3077; x_wconf 85' lang='lat' dir='ltr'><strong>rasis</strong></span> <span class='ocrx_word' id='word_1_224' title='bbox 1546 3012 1636 3076; x_wconf 86' lang='lat' dir='ltr'><strong>abso-</strong></span> 
     </span>
     <span class='ocr_line' id='line_1_25' title="bbox 359 3117 1636 3203; baseline -0.006 -15"><span class='ocrx_word' id='word_1_225' title='bbox 359 3122 424 3190; x_wconf 74' lang='lat' dir='ltr'><strong>lute</strong></span> <span class='ocrx_word' id='word_1_226' title='bbox 440 3120 550 3185; x_wconf 91' lang='lat' dir='ltr'><strong>lubrici</strong></span> <span class='ocrx_word' id='word_1_227' title='bbox 571 3119 654 3184; x_wconf 91' lang='lat' dir='ltr'><strong>idem</strong></span> <span class='ocrx_word' id='word_1_228' title='bbox 675 3131 842 3203; x_wconf 85' lang='lat' dir='ltr'><strong>praestatur</strong></span> <span class='ocrx_word' id='word_1_229' title='bbox 864 3118 948 3202; x_wconf 91' lang='lat' dir='ltr'><strong>quod</strong></span> <span class='ocrx_word' id='word_1_230' title='bbox 973 3117 1003 3180; x_wconf 87' lang='lat' dir='ltr'><strong>ri</strong></span> <span class='ocrx_word' id='word_1_231' title='bbox 1029 3117 1201 3182; x_wconf 67' lang='lat' dir='ltr'><strong>transversis</strong></span> <span class='ocrx_word' id='word_1_232' title='bbox 1228 3117 1260 3181; x_wconf 90' lang='lat' dir='ltr'>N</span> <span class='ocrx_word' id='word_1_233' title='bbox 1275 3117 1315 3182; x_wconf 89' lang='lat' dir='ltr'><strong>T.</strong></span> <span class='ocrx_word' id='word_1_234' title='bbox 1362 3119 1484 3203; x_wconf 87' lang='lat' dir='ltr'><strong>Corpus</strong></span> <span class='ocrx_word' id='word_1_235' title='bbox 1509 3141 1547 3182; x_wconf 89' lang='lat' dir='ltr'><strong>eo</strong></span> <span class='ocrx_word' id='word_1_236' title='bbox 1572 3139 1636 3181; x_wconf 91' lang='lat' dir='ltr'><strong>non</strong></span> 
     </span>
     <span class='ocr_line' id='line_1_26' title="bbox 358 3222 1636 3311; baseline -0.004 -18"><span class='ocrx_word' id='word_1_237' title='bbox 358 3229 542 3307; x_wconf 85' lang='lat' dir='ltr'><strong>retardatur,</strong></span> <span class='ocrx_word' id='word_1_238' title='bbox 557 3249 622 3290; x_wconf 89' lang='lat' dir='ltr'><strong>non</strong></span> <span class='ocrx_word' id='word_1_239' title='bbox 637 3225 835 3302; x_wconf 84' lang='lat' dir='ltr'><strong>acceleratur,</strong></span> <span class='ocrx_word' id='word_1_240' title='bbox 852 3223 908 3290; x_wconf 85' lang='lat' dir='ltr'><strong>sed</strong></span> <span class='ocrx_word' id='word_1_241' title='bbox 922 3237 1042 3289; x_wconf 84' lang='lat' dir='ltr'><strong>tanturn</strong></span> <span class='ocrx_word' id='word_1_242' title='bbox 1056 3225 1178 3311; x_wconf 84' lang='lat' dir='ltr'><strong>cogitur</strong></span> <span class='ocrx_word' id='word_1_243' title='bbox 1192 3222 1232 3288; x_wconf 89' lang='lat' dir='ltr'><strong>da</strong></span> <span class='ocrx_word' id='word_1_244' title='bbox 1246 3245 1339 3288; x_wconf 90' lang='lat' dir='ltr'><strong>cursu</strong></span> <span class='ocrx_word' id='word_1_245' title='bbox 1361 3225 1519 3289; x_wconf 84' lang='lat' dir='ltr'><strong>rectilineo</strong></span> <span class='ocrx_word' id='word_1_246' title='bbox 1540 3223 1636 3288; x_wconf 87' lang='lat' dir='ltr'><strong>disce-</strong></span> 
     </span>
     <span class='ocr_line' id='line_1_27' title="bbox 356 3334 441 3401; baseline 0.024 -3"><span class='ocrx_word' id='word_1_247' title='bbox 356 3334 441 3401; x_wconf 90' lang='lat' dir='ltr'><strong>dere.</strong></span> 
     </span>
    </p>

    <p class='ocr_par' dir='ltr' id='par_1_8' title="bbox 356 3439 1638 3950">
     <span class='ocr_line' id='line_1_28' title="bbox 402 3439 1638 3530; baseline -0.004 -22"><span class='ocrx_word' id='word_1_248' title='bbox 402 3443 501 3508; x_wconf 86' lang='lat' dir='ltr'><strong>Corol.</strong></span> <span class='ocrx_word' id='word_1_249' title='bbox 527 3453 558 3507; x_wconf 60' lang='grc' dir='ltr'><strong>ἲ.</strong></span> <span class='ocrx_word' id='word_1_250' title='bbox 585 3441 673 3508; x_wconf 89' lang='lat' dir='ltr'><strong>Hinc</strong></span> <span class='ocrx_word' id='word_1_251' title='bbox 687 3444 779 3508; x_wconf 83' lang='lat' dir='ltr'><strong>etiam</strong></span> <span class='ocrx_word' id='word_1_252' title='bbox 796 3446 821 3507; x_wconf 91' lang='lat' dir='ltr'><strong>si</strong></span> <span class='ocrx_word' id='word_1_253' title='bbox 836 3445 989 3530; x_wconf 87' lang='lat' dir='ltr'><strong>quantitas</strong></span> <span class='ocrx_word' id='word_1_254' title='bbox 1006 3444 1034 3509; x_wconf 91' lang='lat' dir='ltr'>P</span> <span class='ocrx_word' id='word_1_255' title='bbox 1049 3445 1088 3508; x_wconf 93' lang='lat' dir='ltr'><strong>sit</strong></span> <span class='ocrx_word' id='word_1_256' title='bbox 1101 3445 1238 3508; x_wconf 83' lang='lat' dir='ltr'><strong>maxima</strong></span> <span class='ocrx_word' id='word_1_257' title='bbox 1251 3467 1270 3508; x_wconf 91' lang='lat' dir='ltr'><strong>a</strong></span> <span class='ocrx_word' id='word_1_258' title='bbox 1284 3456 1392 3508; x_wconf 90' lang='lat' dir='ltr'><strong>centro</strong></span> <span class='ocrx_word' id='word_1_259' title='bbox 1416 3442 1570 3518; x_wconf 84' lang='lat' dir='ltr'><strong>distantia,</strong></span> <span class='ocrx_word' id='word_1_260' title='bbox 1596 3439 1638 3504; x_wconf 90' lang='lat' dir='ltr'><strong>ad</strong></span> 
     </span>
     <span class='ocr_line' id='line_1_29' title="bbox 356 3545 1638 3635; baseline -0.003 -23"><span class='ocrx_word' id='word_1_261' title='bbox 356 3571 452 3632; x_wconf 89' lang='lat' dir='ltr'><strong>quam</strong></span> <span class='ocrx_word' id='word_1_262' title='bbox 466 3571 579 3634; x_wconf 89' lang='lat' dir='ltr'><strong>corpus</strong></span> <span class='ocrx_word' id='word_1_263' title='bbox 594 3549 644 3614; x_wconf 88' lang='lat' dir='ltr'><strong>vel</strong></span> <span class='ocrx_word' id='word_1_264' title='bbox 659 3550 802 3614; x_wconf 87' lang='lat' dir='ltr'><strong>oscillons</strong></span> <span class='ocrx_word' id='word_1_265' title='bbox 817 3550 867 3616; x_wconf 91' lang='lat' dir='ltr'><strong>vel</strong></span> <span class='ocrx_word' id='word_1_266' title='bbox 887 3551 921 3613; x_wconf 92' lang='lat' dir='ltr'><strong>in</strong></span> <span class='ocrx_word' id='word_1_267' title='bbox 942 3549 1116 3635; x_wconf 73' lang='lat' dir='ltr'><strong>trajectorid</strong></span> <span class='ocrx_word' id='word_1_268' title='bbox 1138 3550 1321 3635; x_wconf 71' lang='lat' dir='ltr'><strong>quicunque</strong></span> <span class='ocrx_word' id='word_1_269' title='bbox 1343 3548 1512 3625; x_wconf 86' lang='lat' dir='ltr'><strong>revolvens,</strong></span> <span class='ocrx_word' id='word_1_270' title='bbox 1535 3545 1638 3630; x_wconf 89' lang='lat' dir='ltr'><strong>deque</strong></span> 
     </span>
     <span class='ocr_line' id='line_1_30' title="bbox 357 3652 1637 3742; baseline -0.002 -26"><span class='ocrx_word' id='word_1_271' title='bbox 357 3653 468 3739; x_wconf 82' lang='lat' dir='ltr'><strong>quovis</strong></span> <span class='ocrx_word' id='word_1_272' title='bbox 482 3655 666 3738; x_wconf 83' lang='lat' dir='ltr'><strong>trajectoriae</strong></span> <span class='ocrx_word' id='word_1_273' title='bbox 680 3667 814 3739; x_wconf 62' lang='lat' dir='ltr'><strong>puncto·</strong></span> <span class='ocrx_word' id='word_1_274' title='bbox 823 3655 859 3720; x_wconf 77' lang='lat' dir='ltr'><strong>el</strong></span> <span class='ocrx_word' id='word_1_275' title='bbox 875 3677 969 3742; x_wconf 88' lang='lat' dir='ltr'><strong>quam</strong></span> <span class='ocrx_word' id='word_1_276' title='bbox 984 3655 1028 3718; x_wconf 92' lang='lat' dir='ltr'><strong>ibi</strong></span> <span class='ocrx_word' id='word_1_277' title='bbox 1043 3653 1137 3718; x_wconf 88' lang='lat' dir='ltr'><strong>habet</strong></span> <span class='ocrx_word' id='word_1_278' title='bbox 1151 3655 1312 3718; x_wconf 85' lang='lat' dir='ltr'><strong>velocitate</strong></span> <span class='ocrx_word' id='word_1_279' title='bbox 1326 3675 1449 3717; x_wconf 89' lang='lat' dir='ltr'><strong>sursum</strong></span> <span class='ocrx_word' id='word_1_280' title='bbox 1463 3652 1637 3738; x_wconf 85' lang='lat' dir='ltr'><strong>projectum</strong></span> 
     </span>
     <span class='ocr_line' id='line_1_31' title="bbox 356 3756 1637 3846; baseline -0.002 -24"><span class='ocrx_word' id='word_1_281' title='bbox 356 3758 525 3823; x_wconf 86' lang='lat' dir='ltr'><strong>ascendere</strong></span> <span class='ocrx_word' id='word_1_282' title='bbox 539 3761 659 3844; x_wconf 83' lang='lat' dir='ltr'><strong>possit3</strong></span> <span class='ocrx_word' id='word_1_283' title='bbox 682 3761 782 3846; x_wconf 86' lang='lat' dir='ltr'><strong>sitque</strong></span> <span class='ocrx_word' id='word_1_284' title='bbox 796 3763 951 3846; x_wconf 84' lang='lat' dir='ltr'><strong>quantitas</strong></span> <span class='ocrx_word' id='word_1_285' title='bbox 970 3760 1002 3826; x_wconf 81' lang='lat' dir='ltr'>A</span> <span class='ocrx_word' id='word_1_286' title='bbox 1017 3760 1163 3823; x_wconf 77' lang='lat' dir='ltr'><strong>distanda</strong></span> <span class='ocrx_word' id='word_1_287' title='bbox 1183 3759 1322 3846; x_wconf 84' lang='lat' dir='ltr'><strong>corporis</strong></span> <span class='ocrx_word' id='word_1_288' title='bbox 1344 3781 1364 3823; x_wconf 89' lang='lat' dir='ltr'><strong>a</strong></span> <span class='ocrx_word' id='word_1_289' title='bbox 1387 3772 1494 3822; x_wconf 88' lang='lat' dir='ltr'><strong>centro</strong></span> <span class='ocrx_word' id='word_1_290' title='bbox 1518 3757 1552 3819; x_wconf 87' lang='lat' dir='ltr'><strong>in</strong></span> <span class='ocrx_word' id='word_1_291' title='bbox 1575 3756 1637 3819; x_wconf 86' lang='lat' dir='ltr'><strong>alio</strong></span> 
     </span>
     <span class='ocr_line' id='line_1_32' title="bbox 358 3858 1637 3950; baseline -0.002 -22"><span class='ocrx_word' id='word_1_292' title='bbox 358 3864 467 3950; x_wconf 83' lang='lat' dir='ltr'><strong>quovis</strong></span> <span class='ocrx_word' id='word_1_293' title='bbox 484 3863 594 3928; x_wconf 71' lang='lat' dir='ltr'><strong>orbitae</strong></span> <span class='ocrx_word' id='word_1_294' title='bbox 608 3877 734 3949; x_wconf 89' lang='lat' dir='ltr'><strong>puncto,</strong></span> <span class='ocrx_word' id='word_1_295' title='bbox 751 3878 784 3929; x_wconf 90' lang='lat' dir='ltr'><strong>et</strong></span> <span class='ocrx_word' id='word_1_296' title='bbox 807 3865 854 3928; x_wconf 87' lang='lat' dir='ltr'><strong>vis</strong></span> <span class='ocrx_word' id='word_1_297' title='bbox 879 3865 1051 3950; x_wconf 83' lang='lat' dir='ltr'><strong>ceutripeta</strong></span> <span class='ocrx_word' id='word_1_298' title='bbox 1074 3885 1199 3950; x_wconf 87' lang='lat' dir='ltr'><strong>semper</strong></span> <span class='ocrx_word' id='word_1_299' title='bbox 1222 3865 1263 3929; x_wconf 90' lang='lat' dir='ltr'><strong>sit</strong></span> <span class='ocrx_word' id='word_1_300' title='bbox 1286 3878 1322 3928; x_wconf 92' lang='lat' dir='ltr'><strong>ut</strong></span> <span class='ocrx_word' id='word_1_301' title='bbox 1346 3858 1443 3950; x_wconf 82' lang='lat' dir='ltr'><strong>ipsius</strong></span> <span class='ocrx_word' id='word_1_302' title='bbox 1459 3864 1488 3926; x_wconf 80' lang='lat' dir='ltr'>A</span> <span class='ocrx_word' id='word_1_303' title='bbox 1504 3861 1637 3950; x_wconf 82' lang='lat' dir='ltr'><strong>dignitas</strong></span> 
     </span>
    </p>
   </div>
   <div class='ocr_carea' id='block_1_4' title="bbox 356 4077 1647 4778">
    <p class='ocr_par' dir='ltr' id='par_1_9' title="bbox 356 4077 1647 4398">
     <span class='ocr_line' id='line_1_33' title="bbox 390 4077 1647 4145; baseline 0.001 -18"><span class='ocrx_word' id='word_1_304' title='bbox 390 4077 982 4145; x_wconf 68' lang='lat' dir='ltr'><strong>(¹)*Sedreetsrtgu1um12&#39;x1hqudet</strong></span> <span class='ocrx_word' id='word_1_305' title='bbox 1046 4087 1101 4132; x_wconf 69' lang='lat'><strong>⁴12</strong></span> <span class='ocrx_word' id='word_1_306' title='bbox 1137 4085 1163 4133; x_wconf 83' lang='lat' dir='ltr'><strong>si</strong></span> <span class='ocrx_word' id='word_1_307' title='bbox 1188 4093 1294 4135; x_wconf 82' lang='lat' dir='ltr'><strong>oeuuura</strong></span> <span class='ocrx_word' id='word_1_308' title='bbox 1324 4085 1344 4132; x_wconf 82' lang='lat' dir='ltr'>C</span> <span class='ocrx_word' id='word_1_309' title='bbox 1370 4083 1395 4130; x_wconf 85' lang='lat' dir='ltr'><strong>in</strong></span> <span class='ocrx_word' id='word_1_310' title='bbox 1421 4083 1539 4132; x_wconf 84' lang='lat' dir='ltr'><strong>inlinitum</strong></span> <span class='ocrx_word' id='word_1_311' title='bbox 1565 4081 1647 4138; x_wconf 70' lang='lat' dir='ltr'><strong>abeat·</strong></span> 
     </span>
     <span class='ocr_line' id='line_1_34' title="bbox 358 4143 1637 4209; baseline 0 -17"><span class='ocrx_word' id='word_1_312' title='bbox 358 4145 375 4192; x_wconf 86' lang='lat'><strong><em>1</em></strong></span> <span class='ocrx_word' id='word_1_313' title='bbox 384 4145 416 4192; x_wconf 89' lang='lat' dir='ltr'><em>N</em></span> <span class='ocrx_word' id='word_1_314' title='bbox 423 4147 542 4205; x_wconf 69' lang='lat' dir='ltr'><strong>mitrato,</strong></span> <span class='ocrx_word' id='word_1_315' title='bbox 554 4159 610 4190; x_wconf 87' lang='lat' dir='ltr'><strong>eum</strong></span> <span class='ocrx_word' id='word_1_316' title='bbox 620 4145 654 4191; x_wconf 81' lang='lat' dir='ltr'><strong>sit</strong></span> <span class='ocrx_word' id='word_1_317' title='bbox 671 4143 697 4190; x_wconf 85' lang='lat' dir='ltr'><strong>K</strong></span> <span class='ocrx_word' id='word_1_318' title='bbox 710 4145 733 4192; x_wconf 88' lang='lat' dir='ltr'>N</span> <span class='ocrx_word' id='word_1_319' title='bbox 746 4143 760 4192; x_wconf 94' lang='lat'>1</span> <span class='ocrx_word' id='word_1_320' title='bbox 778 4146 881 4207; x_wconf 82' lang='lat' dir='ltr'><strong>angulus</strong></span> <span class='ocrx_word' id='word_1_321' title='bbox 898 4155 982 4204; x_wconf 74' lang='lat' dir='ltr'><strong>menis,</strong></span> <span class='ocrx_word' id='word_1_322' title='bbox 1015 4157 1085 4194; x_wconf 70' lang='lat' dir='ltr'><strong>reeta</strong></span> <span class='ocrx_word' id='word_1_323' title='bbox 1098 4149 1121 4194; x_wconf 85' lang='grc' dir='ltr'><strong>Α</strong></span> <span class='ocrx_word' id='word_1_324' title='bbox 1134 4149 1161 4203; x_wconf 86' lang='lat' dir='ltr'><strong>C,</strong></span> <span class='ocrx_word' id='word_1_325' title='bbox 1175 4147 1189 4195; x_wconf 94' lang='lat'>1</span> <span class='ocrx_word' id='word_1_326' title='bbox 1203 4149 1223 4196; x_wconf 82' lang='lat' dir='ltr'>C</span> <span class='ocrx_word' id='word_1_327' title='bbox 1239 4147 1301 4196; x_wconf 83' lang='lat' dir='ltr'><strong>fiuut</strong></span> <span class='ocrx_word' id='word_1_328' title='bbox 1318 4147 1434 4209; x_wconf 75' lang='lat' dir='ltr'><strong>parallelae</strong></span> <span class='ocrx_word' id='word_1_329' title='bbox 1452 4157 1476 4194; x_wconf 90' lang='lat' dir='ltr'><strong>et</strong></span> <span class='ocrx_word' id='word_1_330' title='bbox 1492 4161 1559 4194; x_wconf 86' lang='lat' dir='ltr'><strong>arcus</strong></span> <span class='ocrx_word' id='word_1_331' title='bbox 1578 4145 1601 4192; x_wconf 93' lang='lat' dir='ltr'>D</span> <span class='ocrx_word' id='word_1_332' title='bbox 1615 4145 1637 4200; x_wconf 86' lang='lat'><strong>1,</strong></span> 
     </span>
     <span class='ocr_line' id='line_1_35' title="bbox 356 4205 1639 4272; baseline 0.002 -20"><span class='ocrx_word' id='word_1_333' title='bbox 356 4205 563 4254; x_wconf 77' lang='lat' dir='ltr'><strong>etbnesNTab</strong></span> <span class='ocrx_word' id='word_1_334' title='bbox 580 4207 654 4254; x_wconf 80' lang='lat' dir='ltr'><strong>basim</strong></span> <span class='ocrx_word' id='word_1_335' title='bbox 674 4208 726 4255; x_wconf 91' lang='lat' dir='ltr'><strong>IK</strong></span> <span class='ocrx_word' id='word_1_336' title='bbox 743 4207 860 4264; x_wconf 78' lang='lat' dir='ltr'><strong>noruralis,</strong></span> <span class='ocrx_word' id='word_1_337' title='bbox 880 4209 984 4272; x_wconf 54' lang='lat' dir='ltr'><strong>mque</strong></span> <span class='ocrx_word' id='word_1_338' title='bbox 1017 4209 1079 4258; x_wconf 75' lang='grc' dir='ltr'><strong>ΕΙ(</strong></span> <span class='ocrx_word' id='word_1_339' title='bbox 1095 4211 1120 4257; x_wconf 88' lang='lat' dir='ltr'><strong>in</strong></span> <span class='ocrx_word' id='word_1_340' title='bbox 1135 4221 1215 4265; x_wconf 66' lang='lat' dir='ltr'><strong>rectas,</strong></span> <span class='ocrx_word' id='word_1_341' title='bbox 1234 4211 1302 4258; x_wconf 83' lang='lat' dir='ltr'><strong>lineis</strong></span> <span class='ocrx_word' id='word_1_342' title='bbox 1322 4213 1344 4258; x_wconf 83' lang='grc' dir='ltr'>Α</span> <span class='ocrx_word' id='word_1_343' title='bbox 1365 4211 1393 4266; x_wconf 91' lang='lat' dir='ltr'><strong>C,</strong></span> <span class='ocrx_word' id='word_1_344' title='bbox 1414 4210 1427 4258; x_wconf 91' lang='lat'>1</span> <span class='ocrx_word' id='word_1_345' title='bbox 1448 4211 1468 4257; x_wconf 88' lang='lat' dir='ltr'>C</span> <span class='ocrx_word' id='word_1_346' title='bbox 1487 4208 1639 4271; x_wconf 83' lang='lat' dir='ltr'><strong>perpenditu-</strong></span> 
     </span>
     <span class='ocr_line' id='line_1_36' title="bbox 356 4267 1639 4346; baseline 0 -30"><span class='ocrx_word' id='word_1_347' title='bbox 356 4267 436 4316; x_wconf 79' lang='lat' dir='ltr'><strong>erusl</strong></span> <span class='ocrx_word' id='word_1_348' title='bbox 450 4270 588 4346; x_wconf 79' lang='lat' dir='ltr'><strong>Nmediprp</strong></span> <span class='ocrx_word' id='word_1_349' title='bbox 606 4272 777 4331; x_wconf 83' lang='lat' dir='ltr'><strong>proportionale</strong></span> <span class='ocrx_word' id='word_1_350' title='bbox 794 4272 855 4318; x_wconf 88' lang='lat' dir='ltr'><strong>inter</strong></span> <span class='ocrx_word' id='word_1_351' title='bbox 870 4273 982 4332; x_wconf 81' lang='lat' dir='ltr'><strong>hypothe-</strong></span> <span class='ocrx_word' id='word_1_352' title='bbox 1014 4273 1081 4330; x_wconf 81' lang='lat' dir='ltr'><strong>lares,</strong></span> <span class='ocrx_word' id='word_1_353' title='bbox 1102 4283 1230 4321; x_wconf 84' lang='lat' dir='ltr'><strong>mutantur.</strong></span> <span class='ocrx_word' id='word_1_354' title='bbox 1276 4273 1346 4322; x_wconf 82' lang='lat' dir='ltr'><strong>Valet</strong></span> <span class='ocrx_word' id='word_1_355' title='bbox 1362 4273 1435 4336; x_wconf 85' lang='lat' dir='ltr'><strong>igitur</strong></span> <span class='ocrx_word' id='word_1_356' title='bbox 1454 4273 1578 4333; x_wconf 87' lang='lat' dir='ltr'><strong>propositio</strong></span> <span class='ocrx_word' id='word_1_357' title='bbox 1596 4272 1639 4317; x_wconf 83' lang='lat' dir='ltr'><strong>eti-</strong></span> 
     </span>
     <span class='ocr_line' id='line_1_37' title="bbox 356 4332 1640 4398; baseline 0.002 -19"><span class='ocrx_word' id='word_1_358' title='bbox 356 4332 811 4382; x_wconf 79' lang='lat' dir='ltr'><strong>nuaamIKetrlbusahreissamIT.</strong></span> <span class='ocrx_word' id='word_1_359' title='bbox 1014 4334 1640 4398; x_wconf 66' lang='lat' dir='ltr'><strong>umubiviscerrtripetsrdireetiodfflcaibi</strong></span> 
     </span>
    </p>

    <p class='ocr_par' dir='ltr' id='par_1_10' title="bbox 358 4395 1640 4778">
     <span class='ocr_line' id='line_1_38' title="bbox 390 4395 1638 4469; baseline 0.003 -28"><span class='ocrx_word' id='word_1_360' title='bbox 390 4395 432 4457; x_wconf 80' lang='lat'>(¹¹¹)</span> <span class='ocrx_word' id='word_1_361' title='bbox 449 4401 503 4469; x_wconf 65' lang='lat' dir='ltr'><strong>tlt.</strong></span> <span class='ocrx_word' id='word_1_362' title='bbox 530 4399 563 4446; x_wconf 79' lang='lat' dir='ltr'><strong>Et</strong></span> <span class='ocrx_word' id='word_1_363' title='bbox 581 4401 657 4447; x_wconf 79' lang='lat' dir='ltr'><strong>erdem</strong></span> <span class='ocrx_word' id='word_1_364' title='bbox 675 4409 817 4460; x_wconf 71' lang='lat' dir='ltr'><strong>arguerem.</strong></span> <span class='ocrx_word' id='word_1_365' title='bbox 858 4397 902 4446; x_wconf 73' lang='lat' dir='ltr'><strong>Vra</strong></span> <span class='ocrx_word' id='word_1_366' title='bbox 919 4398 983 4446; x_wconf 88' lang='lat' dir='ltr'><strong>enim</strong></span> <span class='ocrx_word' id='word_1_367' title='bbox 1013 4399 1125 4460; x_wconf 75' lang='lat' dir='ltr'><strong>perpeoub</strong></span> <span class='ocrx_word' id='word_1_368' title='bbox 1145 4399 1254 4461; x_wconf 75' lang='lat' dir='ltr'><strong>parallelo</strong></span> <span class='ocrx_word' id='word_1_369' title='bbox 1279 4411 1320 4454; x_wconf 75' lang='lat' dir='ltr'><strong>est,</strong></span> <span class='ocrx_word' id='word_1_370' title='bbox 1343 4397 1470 4448; x_wconf 74' lang='lat' dir='ltr'><strong>dnmmodo</strong></span> <span class='ocrx_word' id='word_1_371' title='bbox 1496 4408 1582 4458; x_wconf 81' lang='lat' dir='ltr'><strong>puncta</strong></span> <span class='ocrx_word' id='word_1_372' title='bbox 1604 4399 1638 4452; x_wconf 88' lang='lat' dir='ltr'><strong>D,</strong></span> 
     </span>
     <span class='ocr_line' id='line_1_39' title="bbox 358 4458 1640 4526; baseline 0.002 -20"><span class='ocrx_word' id='word_1_373' title='bbox 358 4458 506 4506; x_wconf 73' lang='lat' dir='ltr'><strong>acceleratur</strong></span> <span class='ocrx_word' id='word_1_374' title='bbox 517 4469 607 4508; x_wconf 87' lang='lat' dir='ltr'><strong>motum</strong></span> <span class='ocrx_word' id='word_1_375' title='bbox 623 4461 724 4522; x_wconf 80' lang='lat' dir='ltr'><strong>corporis</strong></span> <span class='ocrx_word' id='word_1_376' title='bbox 740 4461 883 4510; x_wconf 69' lang='lat' dir='ltr'><strong>mendosus</strong></span> <span class='ocrx_word' id='word_1_377' title='bbox 901 4461 984 4509; x_wconf 83' lang='lat' dir='ltr'><strong>eodem</strong></span> <span class='ocrx_word' id='word_1_378' title='bbox 1017 4463 1030 4510; x_wconf 93' lang='lat'><strong>1</strong></span> <span class='ocrx_word' id='word_1_379' title='bbox 1050 4479 1116 4526; x_wconf 76' lang='lat' dir='ltr'><strong>aqua</strong></span> <span class='ocrx_word' id='word_1_380' title='bbox 1133 4465 1180 4511; x_wconf 81' lang='lat' dir='ltr'><strong>alta</strong></span> <span class='ocrx_word' id='word_1_381' title='bbox 1198 4464 1251 4520; x_wconf 86' lang='lat' dir='ltr'><strong>sint,</strong></span> <span class='ocrx_word' id='word_1_382' title='bbox 1268 4465 1313 4512; x_wconf 87' lang='lat' dir='ltr'><strong>hoc</strong></span> <span class='ocrx_word' id='word_1_383' title='bbox 1330 4473 1371 4520; x_wconf 80' lang='lat' dir='ltr'><strong>est,</strong></span> <span class='ocrx_word' id='word_1_384' title='bbox 1390 4463 1414 4509; x_wconf 88' lang='lat' dir='ltr'><strong>iu</strong></span> <span class='ocrx_word' id='word_1_385' title='bbox 1431 4463 1513 4510; x_wconf 84' lang='lat' dir='ltr'><strong>eidem</strong></span> <span class='ocrx_word' id='word_1_386' title='bbox 1529 4461 1591 4508; x_wconf 74' lang='lat' dir='ltr'><strong>recu</strong></span> <span class='ocrx_word' id='word_1_387' title='bbox 1609 4461 1640 4508; x_wconf 86' lang='lat' dir='ltr'><strong>ad</strong></span> 
     </span>
     <span class='ocr_line' id='line_1_40' title="bbox 358 4521 1640 4588; baseline 0.003 -20"><span class='ocrx_word' id='word_1_388' title='bbox 358 4521 429 4568; x_wconf 92' lang='lat' dir='ltr'><strong>rnodo</strong></span> <span class='ocrx_word' id='word_1_389' title='bbox 440 4521 546 4579; x_wconf 80' lang='lat' dir='ltr'><strong>retardat,</strong></span> <span class='ocrx_word' id='word_1_390' title='bbox 557 4538 604 4584; x_wconf 90' lang='lat' dir='ltr'><strong>quo</strong></span> <span class='ocrx_word' id='word_1_391' title='bbox 614 4534 705 4572; x_wconf 75' lang='lat' dir='ltr'><strong>monim</strong></span> <span class='ocrx_word' id='word_1_392' title='bbox 720 4523 879 4572; x_wconf 81' lang='lat' dir='ltr'><strong>descendentis</strong></span> <span class='ocrx_word' id='word_1_393' title='bbox 897 4525 985 4572; x_wconf 79' lang='lat' dir='ltr'><strong>acceia·</strong></span> <span class='ocrx_word' id='word_1_394' title='bbox 1016 4526 1166 4577; x_wconf 78' lang='lat' dir='ltr'><strong>directionem</strong></span> <span class='ocrx_word' id='word_1_395' title='bbox 1188 4528 1222 4574; x_wconf 86' lang='lat' dir='ltr'><strong>ria</strong></span> <span class='ocrx_word' id='word_1_396' title='bbox 1243 4527 1373 4588; x_wconf 78' lang='lat' dir='ltr'><strong>centripetoe</strong></span> <span class='ocrx_word' id='word_1_397' title='bbox 1397 4523 1579 4587; x_wconf 79' lang='lat' dir='ltr'><strong>perpendiculari</strong></span> <span class='ocrx_word' id='word_1_398' title='bbox 1599 4541 1640 4572; x_wconf 85' lang='lat' dir='ltr'><strong>sn-</strong></span> 
     </span>
     <span class='ocr_line' id='line_1_41' title="bbox 358 4583 1118 4649; baseline 0.009 -19"><span class='ocrx_word' id='word_1_399' title='bbox 358 4585 430 4630; x_wconf 80' lang='lat' dir='ltr'><strong>rstin</strong></span> <span class='ocrx_word' id='word_1_400' title='bbox 445 4584 528 4632; x_wconf 84' lang='lat' dir='ltr'><strong>iisdem</strong></span> <span class='ocrx_word' id='word_1_401' title='bbox 544 4583 601 4632; x_wconf 86' lang='lat' dir='ltr'><strong>locis</strong></span> <span class='ocrx_word' id='word_1_402' title='bbox 618 4587 688 4649; x_wconf 75' lang='lat' dir='ltr'><strong>(at);</strong></span> <span class='ocrx_word' id='word_1_403' title='bbox 705 4585 769 4634; x_wconf 72' lang='lat' dir='ltr'><strong>unde</strong></span> <span class='ocrx_word' id='word_1_404' title='bbox 784 4602 837 4634; x_wconf 83' lang='lat' dir='ltr'><strong>vara</strong></span> <span class='ocrx_word' id='word_1_405' title='bbox 852 4599 887 4634; x_wconf 85' lang='lat' dir='ltr'><strong>ost</strong></span> <span class='ocrx_word' id='word_1_406' title='bbox 901 4603 985 4648; x_wconf 85' lang='lat' dir='ltr'><strong>propo-</strong></span> <span class='ocrx_word' id='word_1_407' title='bbox 1016 4601 1118 4638; x_wconf 80' lang='lat' dir='ltr'><strong>tuantur.</strong></span> 
     </span>
     <span class='ocr_line' id='line_1_42' title="bbox 359 4647 1637 4718; baseline 0.005 -24"><span class='ocrx_word' id='word_1_408' title='bbox 359 4647 412 4694; x_wconf 83' lang='lat' dir='ltr'><strong>sitio</strong></span> <span class='ocrx_word' id='word_1_409' title='bbox 433 4647 481 4696; x_wconf 85' lang='lat' dir='ltr'><strong>sira</strong></span> <span class='ocrx_word' id='word_1_410' title='bbox 498 4663 582 4707; x_wconf 81' lang='lat' dir='ltr'><strong>eorpus</strong></span> <span class='ocrx_word' id='word_1_411' title='bbox 602 4659 728 4712; x_wconf 85' lang='lat' dir='ltr'><strong>utrumque</strong></span> <span class='ocrx_word' id='word_1_412' title='bbox 744 4648 868 4698; x_wconf 82' lang='lat' dir='ltr'><strong>descendat</strong></span> <span class='ocrx_word' id='word_1_413' title='bbox 886 4661 928 4698; x_wconf 85' lang='lat' dir='ltr'><strong>aut</strong></span> <span class='ocrx_word' id='word_1_414' title='bbox 948 4667 985 4698; x_wconf 85' lang='lat' dir='ltr'><strong>us-</strong></span> <span class='ocrx_word' id='word_1_415' title='bbox 1010 4695 1013 4702; x_wconf 96' lang='grc'>,</span> <span class='ocrx_word' id='word_1_416' title='bbox 1050 4653 1086 4716; x_wconf 72' lang='lat'><strong>(⁸)</strong></span> <span class='ocrx_word' id='word_1_417' title='bbox 1105 4659 1118 4684; x_wconf 75' lang='lat'><em>⁶</em></span> <span class='ocrx_word' id='word_1_418' title='bbox 1136 4657 1302 4716; x_wconf 76' lang='lat' dir='ltr'><strong>Inpedimenta</strong></span> <span class='ocrx_word' id='word_1_419' title='bbox 1312 4657 1377 4704; x_wconf 70' lang='lat' dir='ltr'><strong>amu.</strong></span> <span class='ocrx_word' id='word_1_420' title='bbox 1405 4651 1637 4718; x_wconf 68' lang='lat' dir='ltr'><strong>(viunnoense.</strong></span> 
     </span>
     <span class='ocr_line' id='line_1_43' title="bbox 358 4709 1306 4778; baseline 0.011 -23"><span class='ocrx_word' id='word_1_421' title='bbox 358 4711 451 4768; x_wconf 75' lang='lat' dir='ltr'><strong>tendat,</strong></span> <span class='ocrx_word' id='word_1_422' title='bbox 462 4709 510 4758; x_wconf 83' lang='lat' dir='ltr'><strong>aira</strong></span> <span class='ocrx_word' id='word_1_423' title='bbox 520 4709 673 4761; x_wconf 63' lang='lat' dir='ltr'><strong>demandante</strong></span> <span class='ocrx_word' id='word_1_424' title='bbox 683 4727 739 4770; x_wconf 84' lang='lat' dir='ltr'><strong>uuo,</strong></span> <span class='ocrx_word' id='word_1_425' title='bbox 750 4713 849 4761; x_wconf 75' lang='lat' dir='ltr'><strong>alterum</strong></span> <span class='ocrx_word' id='word_1_426' title='bbox 859 4713 973 4762; x_wconf 64' lang='lat' dir='ltr'><strong>madar.</strong></span> <span class='ocrx_word' id='word_1_427' title='bbox 1016 4721 1054 4766; x_wconf 82' lang='lat'><strong>89.</strong></span> <span class='ocrx_word' id='word_1_428' title='bbox 1068 4723 1100 4765; x_wconf 82' lang='grc'><strong>90</strong></span> <span class='ocrx_word' id='word_1_429' title='bbox 1121 4715 1173 4778; x_wconf 84' lang='grc'><strong>91.)</strong></span> <span class='ocrx_word' id='word_1_430' title='bbox 1304 4737 1306 4742; x_wconf 96' lang='grc'><strong><em>·</em></strong></span> 
     </span>
    </p>
   </div>
   <div class='ocr_carea' id='block_1_5' title="bbox 0 0 1810 5864">
    <p class='ocr_par' dir='ltr' id='par_1_11' title="bbox 0 0 1810 5864">
     <span class='ocr_line' id='line_1_44' title="bbox 0 0 1810 5864; baseline 0 0"><span class='ocrx_word' id='word_1_431' title='bbox 0 0 1810 5864; x_wconf 95' lang='lat' dir='ltr'><strong> </strong></span> 
     </span>
    </p>
   </div>
  </div>
 </body>
</html>
