3580 5866
342 451 384 510 60
654 438 991 508 PHILOSOPHIAE
1018 441 1287 508 NATURALIS
1334 438 1444 518 [Mor.
1461 448 1610 516 Conon.

381 615 478 678 corat.
505 621 530 678 l.
555 563 650 680 Unde
664 615 691 678 si
704 637 761 698 per
776 615 805 678 B
819 615 949 678 ducatus
963 615 1102 700 tangenti
1114 613 1261 697 pamlleln
1276 613 1304 678 Β
1320 612 1358 695 F,
1372 628 1490 682 recum
1504 638 1610 702 quam·

337 722 383 782 vis
406 720 437 783 A
458 721 485 784 F
505 741 562 802 per
585 721 617 782 A
641 729 851 784 transeuntem
869 730 1022 804 perpetuo
1222 735 1258 802 Α
1477 732 1500 804 Ε
1561 748 1591 814 1)

337 823 544 899 secsnsinF,
567 816 1019 887 haecBFultimoadarctun

336 940 570 994 evanescentem
585 929 616 992 A
633 928 661 992 C
678 928 705 992 Β
726 929 878 992 rationem
892 927 1019 990 habebit
1038 745 1601 1114 A&

260 1029 262 1046 '
335 1033 527 1120 oequaliteds,
551 1055 589 1096 eo
610 1031 695 1118 quod
710 1030 866 1116 completo
885 1030 1018 1130 paralle-
1275 1043 1304 1105 c,
1515 1036 1544 1098 Β

333 1134 508 1222 logremmo
527 1136 558 1199 A
576 1133 646 1199 FB
669 1133 702 1198 D
722 1133 873 1198 rationem
895 1153 1018 1214 semper

337 1239 431 1305 habet
444 1239 625 1326 aequnlitatis
640 1236 680 1301 ad
696 1239 726 1301 A
740 1238 803 1310 D.,

344 1423 345 1428 γ
380 1347 475 1409 Corol.
491 1353 522 1407 Β.
546 1345 588 1408 Et
613 1345 639 1407 si
661 1365 718 1428 per
744 1343 819 1407 Bet
840 1342 872 1405 A
897 1343 1049 1406 ducantur
1070 1341 1175 1425 plures
1198 1355 1292 1406 rectre
1308 1345 1336 1410 B
1353 1345 1390 1424 Β,
1417 1347 1500 1424 ΒΙ),
1523 1347 1555 1410 A
1571 1346 1607 1424 F,

336 1450 367 1513 A
383 1451 425 1526 G,
449 1461 585 1514 secantes
609 1459 787 1534 tangentem
811 1446 843 1509 A
865 1447 899 1512 D
921 1458 953 1511 et
974 1447 1070 1529 ipsius
1092 1447 1271 1530 parallelum
1295 1449 1323 1513 Β
1341 1450 1379 1524 F;
1402 1451 1481 1515 ratio
1503 1451 1610 1515 ultimo

333 1555 538 1632 abscissurum
559 1554 697 1618 omnium
713 1555 743 1616 A
758 1554 801 1629 D,
826 1553 857 1616 A
874 1553 911 1629 Ε,
929 1551 963 1615 Β
974 1552 1009 1629 F,
1027 1553 1055 1615 B
1072 1551 1113 1629 G,
1130 1553 1315 1639 chordasque
1329 1567 1361 1618 et
1374 1577 1464 1619 orcus
1479 1558 1511 1619 A
1526 1557 1554 1622 B
1568 1555 1609 1620 ad

334 1659 466 1724 invicem
480 1662 539 1725 erit
552 1659 630 1723 ratio*
645 1658 836 1745 aequalitatis.

378 1767 473 1828 Corol.
497 1773 526 1828 3.
550 1767 593 1829 Et
616 1777 780 1848 propterea
800 1763 851 1826 hae
865 1785 972 1828 omnes
986 1765 1087 1841 lineae,
1111 1765 1144 1826 in
1158 1766 1243 1828 omni
1256 1764 1296 1830 de
1310 1765 1478 1830 rationibus
1492 1767 1607 1831 ultimis

335 1871 608 1958 argumentatione,
630 1891 689 1954 pro
703 1892 737 1933 se
751 1870 882 1935 invicem
895 1872 1038 1956 usurpari
1049 1883 1191 1954 possunt.
1549 1881 1558 1898 ⁶

825 2007 992 2123 uanam
1018 2053 1117 2122 v111.

330 2183 464 2246 Sirecae
487 2183 566 2244 dane
580 2183 611 2246 A
628 2182 670 2256 R,
695 2181 723 2245 B
740 2181 771 2245 Β
784 2202 846 2244 oen
860 2203 933 2244 orca
947 2182 978 2245 A
995 2182 1022 2246 G
1039 2181 1080 2258 Β,
1106 2180 1214 2244 chordo
1229 2183 1260 2246 A
1277 2181 1305 2245 Β
1319 2191 1347 2244 et
1360 2191 1498 2266 negem
1513 2183 1543 2246 A
1559 2183 1604 2258 D,

374 2289 527 2370 tdnrsffltla
542 2290 608 2348 tria
633 2288 663 2350 R
679 2288 710 2351 A
726 2286 777 2362 B,
790 2287 822 2350 R
832 2287 868 2350 'A
884 2286 913 2350 G
928 2285 980 2362 B,
998 2287 1029 2350 Β
1044 2288 1080 2349 A·
1090 2287 1124 2352 D
1149 2289 1344 2362 contionem
1354 2289 1421 2349 dein
1429 2297 1542 2369 puncto
1565 2289 1607 2362 A,

377 2391 407 2455 B
420 2394 558 2454 accedant
571 2393 614 2454 od
636 2392 770 2454 inuicem:
793 2391 858 2452 dico
872 2393 950 2473 qnod
962 2391 1066 2453 mima
1074 2390 1182 2472 finneo
1192 2391 1403 2484 trioregnlonem
1417 2393 1609 2455 evanescendi-

377 2519 423 2560 nrn
439 2507 480 2560 est
493 2497 707 2573 similitudines,
729 2505 758 2558 et
772 2497 876 2558 ultima
890 2497 970 2560 ratio
983 2497 1173 2579 oeqnolitote's.
1286 2531 1289 2536 ι

378 2679 461 2742 Nom
486 2677 561 2742 darm
584 2690 734 2763 punctum
761 2678 789 2742 Β
813 2678 854 2742 ad
876 2691 1025 2762 punctum
1050 2678 1081 2741 A
1102 2677 1230 2754 accedit,
1253 2676 1464 2764 intelligentur
1485 2701 1608 2763 semper

334 2783 366 2848 A
382 2784 420 2860 B,
444 2785 475 2847 A
489 2784 533 2862 D,
561 2785 592 2847 A
619 2784 704 2848 Rad
727 2796 843 2866 puncta
856 2783 1024 2870 longinqua
1037 2783 1068 2859 b,
1090 2783 1188 2846 detr
1208 2781 1346 2865 produci,
1374 2783 1492 2866 ipsique
1517 2784 1547 2846 Β
1572 2785 1607 2848 D

333 2889 480 2976 pnrsdlela
504 2889 665 2976 agirbd,
688 2903 720 2953 et
743 2879 828 2952 arcui
842 2891 874 2952 A
890 2889 918 2953 C
934 2889 962 2953 B
977 2879 1225 2970 similis'semper
1247 2887 1287 2949 sit
1307 2908 1396 2950 arcus
1412 2889 1442 2950 A
1457 2888 1520 2950 cb.
1564 2889 1608 2954 Et

333 2993 513 3060 cotunfibus
527 2995 648 3077 punctis
663 2995 706 3072 A,
729 2995 767 3073 B,
790 2995 921 3082 ungulus
935 2994 957 3058 b
972 2995 1003 3058 A
1017 2994 1038 3056 d
1052 3004 1221 3069 evanescet,
1245 3005 1276 3056 et
1289 3005 1454 3076 propterea
1467 2995 1606 3080 triangu-

327 3100 364 3182 ,Β
377 3101 437 3162 tria
450 3121 571 3184 semper
584 3101 672 3164 finita
685 3123 701 3163 r
716 3102 747 3164 A
761 3101 791 3180 b,
808 3123 824 3164 r
839 3101 869 3163 A
883 3123 901 3163 c
914 3101 945 3178 b,
969 3123 985 3164 r
999 3099 1066 3162 A.d
1080 3099 1263 3177 coincident,
1284 3111 1416 3184 suntque
1431 3123 1469 3163 eo
1483 3102 1607 3165 nomine

333 3204 442 3266 similia
452 3217 483 3268 et
493 3205 631 3291 {equalin-
668 3207 763 3272 Unde
774 3207 899 3270 ethisce
913 3228 1035 3290 semper
1050 3204 1160 3269 similia
1173 3218 1205 3269 et
1218 3205 1460 3289 proportionalia
1476 3207 1505 3270 Β
1521 3207 1552 3269 A
1569 3205 1605 3284 B,

335 3309 366 3374 Β
381 3310 412 3373 A
428 3311 456 3376 C
472 3309 509 3388 B,
534 3312 565 3375 Β
581 3311 610 3374 A
625 3311 658 3376 D
672 3312 749 3377 fient
761 3312 871 3376 ultimo
885 3312 944 3376 sibi
957 3313 1088 3376 invicem
1103 3311 1214 3375 similia
1227 3323 1258 3374 et
1272 3311 1409 3395 aequalin
1447 3311 1488 3386 Q.
1503 3335 1530 3374 e.
1546 3311 1576 3374 d.

378 3415 474 3479 Corui.
498 3416 540 3480 Et
553 3415 626 3480 hinc
640 3415 793 3504 triangula
806 3418 868 3496 illa,
891 3417 924 3480 in
945 3419 1031 3481 omni
1045 3417 1085 3481 de
1100 3415 1267 3479 rationibus
1282 3414 1394 3479 ultimis
1410 3431 1604 3500 argumenta-

334 3519 429 3598 tione,
450 3543 511 3606 pro
523 3545 557 3586 se
570 3523 700 3588 invicem
714 3525 857 3608 usurpari
870 3537 1010 3606 possunt.

842 3701 1014 3770 LEMMA
1037 3703 1100 3768 IX.

335 3905 462 3970 Sirena
477 3903 508 3966 A
523 3857 602 3966 ΕΒ
621 3926 710 3968 curua
726 3907 756 3969 A
772 3905 801 3969 Β
816 3903 844 3969 C
854 3905 1001 3986 positione
1014 3907 1094 3970 naen
1107 3925 1137 3968 se
1150 3913 1247 3970 moneo
1260 3913 1354 3968 secent
1367 3907 1401 3968 in
1414 3905 1520 3988 angulo
1534 3907 1605 3968 doto

379 4009 420 4084 A,
440 4002 470 4073 et
494 4009 536 4071 cd
557 4017 664 4073 rectam
687 4011 769 4072 nilon
794 4013 826 4073 in
851 4011 912 4072 olio
933 4011 1003 4073 doto
1024 4011 1131 4094 ungento
1146 4011 1305 4072 ordinatim
1319 4013 1502 4092 applicentur
1517 4011 1545 4074 Β
1560 4011 1604 4088 D,

381 4114 465 4191 GE,
491 4133 585 4177 monce
604 4124 782 4176 occnnnnes
807 4117 837 4176 in
866 4111 904 4190 B,
922 4113 959 4190 C,
981 4116 1050 4176 dein
1066 4125 1180 4196 puncto
1198 4114 1235 4192 Β,
1254 4115 1290 4190 C,
1312 4117 1399 4178 simol
1412 4118 1553 4178 accedant
1565 4117 1609 4178 ad

373 4229 513 4300 pnncnm
528 4219 570 4282 A:
593 4219 658 4280 dico
682 4220 759 4300 qnod
771 4239 851 4282 crece
864 4207 1130 4302 triengnhmm‘A
1146 4219 1174 4284 B
1188 4219 1232 4296 D,
1255 4219 1287 4284 A
1305 4217 1332 4282 C
1349 4215 1482 4306 Enemnl
1505 4221 1606 4282 ultimo

380 4323 422 4402 cd
433 4323 554 4386 concern
567 4323 601 4410 {n
615 4321 766 4404 duplicato
780 4325 896 4386 ratione
909 4325 1042 4390 laterum.
1130 4375 1133 4382 ,

379 4483 503 4548 annm
523 4485 599 4548 wnnn
618 4497 734 4571 panca
749 4487 786 4565 B,
805 4486 997 4552 omnum
1010 4487 1050 4550 aa
1064 4501 1212 4571 punctum
1227 4457 1267 4565 Α,
1284 4487 1470 4573 neugma
1484 4509 1607 4571 semper

335 4587 368 4651 A
390 4587 424 4652 D
437 4589 567 4672 produci
589 4589 630 4654 ad
651 4602 766 4676 puncto
789 4591 957 4678 longinqua
971 4591 1001 4682 „d
1015 4604 1047 4654 et
1060 4614 1087 4669 e,
1111 4605 1146 4656 ut
1168 4593 1229 4658 sint
1243 4592 1273 4658 A
1287 4593 1319 4672 d,
1342 4594 1372 4656 A
1388 4615 1405 4655 e
1423 4591 1497 4675 ipsis
1513 4591 1543 4656 A
1560 4593 1594 4658 D
