3572 5854
321 485 386 544 260
628 469 966 546 PHILOSOPHIAE
989 469 1259 539 NATURALIS
1333 474 1440 554 [Mor.
1457 477 1602 546 Courou.

317 653 465 719 volventis
478 663 582 736 partes
597 673 618 716 u
633 671 664 735 p,
676 672 698 734 p
712 651 754 728 lr;
776 662 809 714 et
828 661 1015 746 punctorum
1038 649 1075 726 P,
1094 648 1127 714 K
1148 648 1294 714 distantia
1315 650 1507 738 intelligatur
1531 675 1603 720 esso

317 783 410 848 quem
425 762 561 825 minime.
605 761 633 824 A
650 774 767 844 puncto
780 759 803 822 lr
817 759 850 822 in
865 771 978 823 rectam
995 779 1017 843 p
1041 757 1069 820 C
1094 756 1222 822 demitte
1246 759 1504 842 perpendiculum
1531 761 1596 842 br,

231 897 238 918 ·
316 869 459 954 idemque
472 867 593 953 produc
607 867 647 930 ad
662 889 704 944 m,
720 877 756 930 ut
772 866 812 930 sit
826 887 857 928 m
872 887 888 928 r
902 863 979 928 edit
1001 885 1017 926 r
1038 875 1075 927 ut
1097 863 1228 953 ungulus
1243 861 1273 926 V
1289 862 1317 928 (l
1331 885 1354 948 p
1378 863 1419 935 ad
1443 867 1594 953 angurium

316 973 348 1038 V
375 975 403 1040 C
435 975 471 1038 P.
515 972 673 1048 Quoniam
695 993 861 1056 corporum
887 969 1064 1036 altitudines

316 1080 345 1146 P
361 1081 471 1163 Cetp
488 1077 525 1156 C,
552 1077 584 1144 K
601 1078 629 1142 C
644 1089 675 1142 et
688 1078 710 1141 k
725 1077 764 1156 C,
791 1097 915 1161 semper
939 1097 1064 1162 aequun·
1123 1089 1143 1124 ¹²
1189 1101 1205 1120 ··

313 1197 374 1262 tur,
390 1183 586 1248 menifestum
600 1194 648 1247 est
667 1181 752 1268 quod
776 1181 926 1245 lineanun
949 1180 1066 1246 PCet
1116 1110 1218 1277 sp

202 1295 206 1304 '
269 1285 281 1310 ⁸
313 1307 336 1373 p
367 1286 394 1350 C
423 1286 614 1352 incrementa
643 1284 693 1350 vel
717 1285 915 1350 decrementa
943 1307 1066 1370 semper
1108 1269 1122 1392 1
1174 1313 1210 1396 π
1237 1241 1262 1294 ⁹⁴

314 1389 378 1454 sint
391 1388 532 1474 aequalia,
548 1387 680 1472 ideoque
695 1387 721 1450 si
744 1407 912 1472 corporum
932 1387 966 1450 in
988 1387 1065 1452 locis
1110 1395 1119 1472 Ι
1158 1409 1177 1458 s

314 1492 343 1558 P
371 1505 403 1557 et
430 1514 452 1576 p
478 1492 676 1558 existentium
705 1491 937 1578 distinguentur
961 1503 1065 1560 motus
1099 1515 1155 1617 ⁹!

314 1605 428 1692 singuli
465 1609 535 1688 (per
557 1603 663 1690 legum
694 1601 801 1666 Corol.
824 1603 869 1682 2.)
902 1601 936 1664 in
964 1602 1063 1684 binos,
1114 1599 1136 1676 ι’
1189 1659 1228 1678 ἦ,
1243 1615 1276 1646 '⁸⁴
1460 1667 1465 1680 ,

313 1731 446 1796 quorum
461 1709 494 1773 hi
509 1731 616 1774 versus
636 1720 788 1786 centrum,
811 1706 874 1770 sive
896 1707 1067 1771 secundum
1123 1720 1173 1801 p
1293 1687 1351 1761 {a

313 1812 411 1876 lineas
436 1812 517 1889 PC,
543 1831 566 1894 p
594 1809 622 1874 C
643 1809 900 1888 determinentur,
925 1821 958 1874 et
978 1809 1069 1874 elteri
1115 1817 1142 1850 '⁴
1156 1805 1175 1838 ’¹
1421 1800 1435 1822 ''

313 1915 468 2002 prioribus
489 1913 656 1980 transversi
682 1914 753 1988 sint,
776 1923 809 1975 et
833 1910 1005 1976 secundum
1029 1913 1068 1976 li-

313 2045 389 2088 neas
410 2023 484 2107 ipsis
507 2021 535 2085 P
559 2021 597 2098 C,
628 2041 650 2104 p
673 2017 995 2118 Cperpendicularcs
1020 2017 1068 2084 di-

313 2129 484 2193 rectionem
505 2123 657 2201 babeant3
680 2134 784 2189 motus
805 2145 912 2189 versus
927 2135 1069 2190 centrum

313 2246 406 2299 erunt
416 2233 560 2320 aequales,
577 2242 610 2296 et
622 2240 725 2294 motus
738 2241 931 2295 transversus
947 2231 1085 2316 corporis
1099 2251 1121 2316 p
1133 2231 1191 2296 etit
1205 2229 1245 2295 ed
1256 2240 1375 2294 motum
1386 2241 1592 2294 trsrrsversum

313 2343 453 2429 corporis
469 2341 507 2419 P,
522 2351 559 2404 ut
571 2351 674 2404 motus
689 2337 844 2425 ungulatis
855 2337 946 2402 lineae
955 2359 982 2422 p
998 2337 1026 2402 C
1037 2337 1206 2404 admotum
1214 2335 1394 2425 angularem
1405 2335 1496 2400 lineoe
1511 2335 1538 2400 P
1555 2336 1593 2414 C,

313 2451 347 2515 id
361 2463 418 2528 est,
441 2461 477 2514 ut
497 2447 630 2535 angulus
646 2447 720 2510 VC
741 2466 764 2530 p
785 2445 827 2510 ad
851 2443 1001 2534 angulum
1015 2445 1089 2511 VC
1110 2445 1147 2512 P.
1192 2447 1294 2533 Igitur
1319 2445 1430 2510 eodem
1453 2455 1593 2530 ternpore

314 2581 378 2644 quo
392 2579 505 2642 corpus
520 2553 548 2618 P
561 2565 649 2619 motu
663 2575 721 2618 suo
735 2563 868 2638 utroque
882 2553 1024 2637 pervenit
1037 2553 1079 2618 sd
1091 2563 1243 2638 punctum
1259 2553 1302 2630 K,
1318 2573 1431 2637 corpus
1446 2574 1468 2636 p
1483 2553 1595 2638 aequali

314 2666 348 2728 in
362 2676 503 2728 centrum
518 2675 606 2728 motu
620 2661 779 2748 equaliter
792 2661 968 2727 movebitur
982 2684 1001 2726 a
1014 2682 1037 2748 p
1052 2683 1158 2728 versus
1173 2660 1211 2739 0,
1227 2661 1359 2746 ideoque
1373 2662 1528 2746 completo
1540 2663 1594 2725 illo

265 2800 271 2814 ¹
315 2785 456 2855 tempore
467 2771 638 2854 reperietur
652 2769 766 2834 alicubi
781 2769 818 2832 in¹
828 2768 910 2836 linei
924 2791 957 2832 m
972 2769 994 2833 k
1008 2791 1034 2847 r,
1050 2791 1121 2855 quae
1135 2791 1192 2855 per
1213 2782 1361 2854 punctruu
1384 2770 1407 2833 k
1427 2771 1461 2833 in
1482 2769 1593 2834 lineam

315 2901 336 2962 p
354 2877 662 2962 Cperpendicularis
677 2889 743 2954 est3
766 2887 799 2942 et
811 2887 899 2941 motu
920 2887 1096 2941 transverso
1118 2877 1257 2963 ecqtdret
1279 2877 1454 2942 distantiam
1474 2901 1495 2942 e
1513 2877 1594 2942 linei

315 3010 337 3072 p
354 2987 392 3066 C,
410 3007 480 3076 quoe
495 2985 535 3048 sit
549 2984 590 3049 ed
602 2985 780 3050 distantiam
794 3006 888 3069 quam
902 3005 1015 3069 corpus
1030 2985 1162 3049 alterum
1174 2983 1201 3048 P
1215 2984 1346 3070 acquirit
1366 3007 1385 3049 a
1406 2985 1487 3050 linei
1511 2986 1537 3050 P
1553 2985 1591 3064 C,

316 3109 351 3161 ut
365 3109 411 3160 est
424 3107 527 3160 motus
541 3104 733 3158 transversus
747 3093 884 3175 eorporis
898 3115 920 3176 p
934 3093 975 3156 ad
989 3105 1108 3157 motum
1130 3105 1338 3158 transversum
1359 3096 1497 3180 corporis
1519 3095 1593 3160 ulte-

315 3205 380 3268 rius
397 3203 433 3266 P.
478 3201 586 3278 Quare
600 3221 671 3264 cum
685 3201 708 3264 k
722 3222 738 3263 r
752 3199 880 3284 aequalis
894 3201 934 3265 sit
955 3199 1109 3266 distantiae
1131 3224 1223 3289 quam
1249 3224 1362 3288 corpus
1378 3203 1406 3268 P
1420 3205 1551 3290 acquirit
1576 3225 1595 3267 a

315 3310 495 3387 tinetPC,
512 3308 863 3395 sitquemredkrut
882 3309 1099 3398 angulusVC
1120 3331 1143 3396 p
1164 3310 1204 3375 ed
1226 3311 1593 3400 angulumVCP,lroc

316 3431 372 3496 est,
388 3432 424 3483 ut
437 3430 540 3482 motus
555 3429 749 3482 transversus
763 3417 903 3501 corporis
917 3439 938 3502 p
953 3416 995 3482 ad
1019 3430 1140 3482 motum
1164 3430 1373 3483 transversum
1394 3420 1531 3502 corporis
1555 3420 1592 3498 P,

318 3529 355 3612 (θ)
377 3526 574 3592 manifestum
589 3537 637 3592 est
651 3525 735 3612 quod
750 3546 861 3610 eorpus
875 3525 1062 3610 peompleto
1077 3525 1130 3588 illo
1141 3537 1280 3610 tempore
1294 3523 1463 3608 reperietur
1475 3525 1508 3587 in
1522 3523 1594 3590 loco

317 3657 359 3698 m.
393 3633 489 3699 'Haec
502 3633 546 3698 ita
560 3656 593 3697 se
606 3631 767 3698 habebunt
780 3632 834 3696 ubi
846 3654 977 3718 corpora
996 3643 1065 3716 pet
1080 3633 1109 3696 P
1129 3632 1288 3718 aequuliter
1310 3631 1478 3698 secundum
1488 3633 1594 3697 ‘linem

310 3765 338 3826 p
354 3741 381 3805 C
397 3753 428 3804 et
444 3739 470 3803 P
487 3733 703 3816 Cm'oventur,
728 3738 860 3824 ideoque
881 3737 1051 3824 equalibus
1075 3738 1192 3802 viribus
1218 3738 1387 3816 secundum
1409 3737 1504 3802 lineas
1526 3737 1593 3802 illas

316 3859 477 3937 urgentur.
523 3845 671 3930 Capietur
684 3857 789 3912 sutem
802 3845 933 3934 angulus
947 3867 968 3930 p
984 3846 1012 3911 C
1026 3867 1048 3908 n
1063 3845 1102 3910 ad
1122 3845 1272 3932 angulum
1293 3845 1396 3932 pClr
1416 3857 1451 3912 ut
1472 3857 1519 3912 est
1532 3868 1593 3957 ιιιιι·

348 4041 383 4106 (²)
400 4044 414 4071 ⁰
433 4039 875 4104 Munffertumettquodcurpuspfflc.
899 4037 939 4086 Ex
968 4037 1425 4101 pCurgentepercurratpr=PR
1443 4037 1593 4086 eudemum

317 4114 404 4166 puncto
416 4103 442 4152 K
453 4104 477 4151 in
489 4111 576 4150 rectem
587 4102 610 4151 P
620 4103 648 4157 C,
660 4101 786 4150 duruismm
796 4102 940 4164 intelligutur
969 4115 1026 4162 pore
1035 4117 1082 4165 quo
1092 4117 1175 4162 corpus
1188 4102 1210 4149 P
1226 4103 1338 4162 percurrit
1354 4101 1377 4150 P
1390 4103 1414 4150 R
1424 4111 1466 4150 cut
1479 4103 1502 4150 R
1519 4101 1544 4150 K
1555 4101 1592 4149 rel

315 4165 506 4230 perpendiculum
520 4167 545 4214 K
558 4169 589 4224 R,
601 4165 677 4214 eterit
689 4166 711 4213 P
722 4167 746 4214 R
756 4185 791 4213 =
802 4183 817 4226 p
827 4180 846 4212 r.
883 4165 939 4212 Fin·
972 4165 1040 4224 PK,
1049 4175 1075 4212 et
1084 4165 1107 4211 ri
1125 4163 1197 4213 elteri
1216 4166 1345 4214 secrrudum
1357 4165 1507 4214 directionem
1523 4173 1592 4212 rectus

191 4267 193 4274 .
315 4229 630 4296 gumuscorpusPdeloco
642 4227 706 4277 Pru
721 4231 800 4293 projici
819 4228 887 4275 utri
903 4243 939 4275 ee-
969 4243 1032 4284 rm,
1054 4228 1188 4290 pmllelam
1206 4229 1347 4292 impellente,
1366 4243 1450 4290 corpus
1467 4244 1491 4289 p,
1509 4227 1593 4275 eodem

315 4295 419 4342 cundum
439 4295 589 4342 directionem
611 4291 633 4340 P
653 4293 680 4348 C,
703 4301 801 4356 urgente
822 4299 939 4352 percumt
969 4301 1072 4353 tempore
1092 4293 1205 4340 describat
1222 4294 1323 4354 spatium
1340 4293 1429 4354 equale
1446 4301 1516 4340 reete
1531 4305 1544 4337 r
1557 4305 1591 4350 m,

316 4359 418 4420 spatium
431 4357 452 4404 P
465 4359 496 4414 R,
508 4357 589 4405 etrdem
600 4366 703 4417 tempore
713 4372 761 4419 quo
775 4355 799 4402 ri
815 4355 886 4402 elteri
902 4371 938 4402 sa·
968 4369 1021 4418 que
1031 4365 1065 4404 est
1076 4356 1105 4402 ed
1118 4357 1142 4404 R
1155 4357 1187 4414 K,
1196 4357 1222 4402 in
1232 4357 1319 4404 ratione
1327 4355 1592 4404 mensunusum

318 4423 422 4469 cundum
434 4429 519 4468 rectam
527 4421 571 4481 ipsi
583 4423 606 4468 R
614 4419 647 4478 K,
657 4420 789 4481 parallelum
797 4418 938 4478 impellente,
969 4420 1070 4479 corporis
1079 4433 1103 4480 p,
1119 4420 1149 4467 sd
1165 4420 1309 4468 veluntatem
1326 4429 1478 4468 merstem
1491 4417 1592 4476 corporh

315 4484 428 4546 percurrit
446 4483 547 4545 spatium
566 4484 654 4546 aequele
671 4493 739 4531 rectae
752 4483 775 4528 R
787 4481 820 4537 K,
838 4481 897 4529 adeo
912 4491 940 4529 ut
970 4483 1064 4530 alterius
1085 4485 1113 4530 P.
1160 4483 1207 4530 His
1223 4483 1304 4544 positis
1322 4483 1473 4530 manifestum
1491 4489 1526 4527 est
1540 4493 1591 4527 cor-

181 4584 183 4592 ,
317 4559 460 4608 cotempore
470 4547 556 4594 viribus
566 4548 696 4610 conjunctis
706 4545 817 4594 describat
827 4545 937 4607 diagona-
969 4559 1028 4606 pore
1047 4547 1106 4594 Pet
1123 4561 1144 4606 p,
1163 4546 1193 4592 de
1213 4546 1270 4593 locis
1291 4545 1319 4600 P,
1337 4553 1362 4592 et
1382 4563 1405 4607 p,
1425 4544 1497 4592 simul
1514 4557 1592 4606 egm-

316 4610 364 4658 lem
386 4611 407 4658 P
428 4609 460 4657 K.
497 4607 625 4673 Fingamus
641 4609 747 4657 similiter
765 4623 848 4668 corpus
865 4609 939 4668 prus
969 4625 1002 4666 su,
1014 4610 1097 4659 sodon
1107 4609 1216 4671 temporis
1229 4619 1318 4671 puncto
1333 4609 1428 4672 reperiri
1442 4607 1469 4658 in
1482 4606 1539 4657 locis
1555 4605 1592 4669 K,

317 4673 438 4736 lucopitd
452 4673 541 4739 projici,
559 4681 588 4722 ut
603 4674 627 4722 ri
644 4671 772 4724 mundum
789 4671 939 4720 droctim
968 4681 1035 4722 am.
