3554 5832
179 501 289 566 Lissa
305 499 467 580 Prinna]
527 499 768 566 PRINCIPIA
791 497 1159 565 MATHEMATICA.
1389 509 1450 568 365

174 683 232 762 vis,
247 681 309 770 qui
323 681 435 746 hanam
449 701 512 744 una
525 679 658 746 attrahet
672 679 810 758 alteram,
826 679 885 743 erit
898 680 1075 756 etiamnum,
1091 700 1148 761 per
1166 687 1383 766 argimrentrmr
1403 703 1452 744 su·

172 793 289 878 pierius,
305 790 337 852 in
352 788 461 852 eidem
475 786 527 851 illi
542 787 696 851 distantiae
710 785 870 872 quadratae
884 787 1003 850 ratione
1017 785 1150 850 inversi.
1194 785 1237 861 Q.
1254 807 1281 848 e.
1296 782 1329 852 d.

220 899 317 963 tarot.
336 904 364 960 l.
389 895 478 959 Hinc
492 895 518 958 si
533 893 685 980 ejusmodi
700 892 832 979 sphaerae
847 895 1021 979 complures
1042 893 1101 957 sibi
1122 894 1252 958 invicem
1272 915 1329 978 per
1351 894 1455 958 omrria

175 1003 300 1082 similes,
316 1025 349 1068 se
363 1001 473 1068 mutud
487 1001 613 1066 trahant
624 1025 634 1079 3
656 1001 854 1067 attractiones
874 1002 1103 1068 acceleratrices
1125 1003 1316 1090 singularum
1337 1003 1370 1066 in
1392 1003 1456 1067 sin·

173 1112 262 1202 gulas
277 1123 378 1190 enmt,
394 1110 428 1174 in
442 1109 612 1198 aequalibus
629 1097 787 1196 quibusvis
802 1123 979 1176 centrorum
994 1110 1155 1189 distantiis,
1171 1124 1206 1176 nt
1221 1110 1455 1198 sphaeraeattra·

173 1221 294 1286 hentes.
842 1231 845 1235 '

218 1329 257 1416 (³)
281 1331 378 1396 Corol.
394 1336 425 1394 i.
449 1330 549 1416 Inque
563 1309 716 1393 distantiis
739 1328 897 1413 quibusvis
918 1327 1132 1413 inaequalibus,
1155 1339 1191 1390 ut
1211 1326 1342 1412 sphaerae
1361 1340 1455 1394 attra-

176 1437 285 1503 hentes
301 1438 462 1524 applicata
476 1436 517 1500 ad
531 1435 681 1524 quadrata
695 1435 910 1500 distantiarum
924 1437 1005 1500 inter
1019 1449 1135 1500 centra.

220 1545 317 1608 corat.
334 1553 364 1609 3.
387 1543 597 1608 Attractiones
611 1541 685 1606 verb
699 1541 854 1619 matrices,
876 1564 931 1606 seu
945 1540 1086 1626 pondera
1100 1539 1291 1625 sphaerarum
1306 1542 1339 1605 in
1355 1543 1456 1626 splrae·

175 1671 226 1714 ras
241 1659 342 1729 erunt,
357 1649 391 1713 in
405 1647 575 1735 aeqnalibus
590 1659 765 1712 centrorum
780 1647 942 1726 distantiis,
964 1659 999 1711 ut
1013 1647 1145 1731 sphaeroe
1160 1647 1349 1712 attrahentes
1364 1659 1396 1712 ct
1410 1661 1456 1711 at·

174 1769 282 1822 tractae
297 1756 495 1844 conjunctim,
510 1755 613 1835 idest,
634 1765 670 1820 ut
688 1765 833 1821 contenta
855 1753 912 1819 sub
934 1753 1064 1840 sphaeris
1087 1774 1144 1839 per
1167 1753 1455 1840 multiplicationem

176 1865 339 1950 producta.

220 1971 253 2056 (¹)
276 1972 376 2036 Corol.
400 1979 431 2034 4.
454 1969 554 2053 Inque
579 1968 732 2032 distantiis
754 1967 967 2054 inaequalibus,
989 1980 1026 2034 ut
1046 1979 1192 2033 contenta
1214 1968 1267 2033 illa
1289 1967 1405 2034 directe
1427 1980 1459 2034 et

175 2077 327 2164 quadrata
340 2075 556 2140 distantiarum
570 2076 652 2140 inter
666 2087 773 2140 centra
786 2073 917 2140 inversi.

220 2183 316 2248 corat
334 2191 364 2247 5.
388 2180 508 2245 Eadem
522 2181 635 2259 valent,
658 2180 712 2244 ubi
725 2181 868 2244 attractio
883 2181 981 2244 oritur
995 2203 1014 2245 a
1028 2181 1160 2266 sphaeroe
1174 2183 1333 2270 utriusque
1349 2185 1459 2249 virtute

175 2288 339 2353 attractiva
358 2298 468 2351 mutuo
490 2287 626 2351 exercita
647 2287 680 2350 in
702 2285 856 2371 sphaeram
879 2286 1016 2352 alteram.
1061 2288 1145 2352 Nam
1170 2289 1285 2354 viribus
1311 2288 1468 2355 ambabus

174 2401 355 2491 geminatur
368 2400 521 2477 attractio,
537 2399 738 2484 proportione
753 2395 882 2464 servati.

221 2509 319 2572 corat
335 2516 366 2572 6.
390 2506 424 2572 Si
438 2503 617 2590 hujusmodi
632 2503 763 2590 sphaeras
778 2503 890 2589 aliquae
905 2503 987 2568 circs
1001 2503 1075 2568 alias
1091 2503 1281 2589 quiescentes
1300 2500 1461 2566 revolvan-

177 2627 239 2692 tur,
256 2611 389 2701 singulae
403 2612 486 2676 circa
500 2609 656 2698 singulas3
679 2612 800 2698 sintque
814 2610 969 2676 distantiae
983 2612 1065 2676 inter
1080 2623 1187 2678 centra
1200 2608 1421 2675 revolventium
1430 2621 1462 2674 et

175 2723 401 2810 quiescentium
414 2719 665 2807 proportionales
680 2720 903 2807 quiescentium
921 2719 1099 2797 diametris;
1121 2719 1255 2807 aequalia
1273 2731 1365 2784 erunt
1382 2731 1462 2784 tem·

176 2851 256 2914 pora
269 2826 438 2912 periodica.

222 2937 319 3000 Corol.
337 2941 366 3003 7.
390 2933 432 2998 Et
457 2933 602 3011 vicissim,
629 2933 656 2996 si
682 2944 823 3016 tempora
846 2931 1004 3017 periodica
1029 2944 1101 2998 sunt
1124 2933 1274 3020 aequalia3
1307 2931 1463 2996 distantioe

178 3055 270 3108 erunt
285 3045 332 3128 (Ν)
348 3042 595 3129 proportionales
609 3040 777 3108 diametris.

225 3152 323 3215 Corol.
339 3160 369 3215 8.
392 3149 513 3216 Eadem
528 3149 642 3228 omnia,
664 3169 736 3235 quae
751 3147 892 3234 superins
907 3146 947 3213 de
961 3160 1049 3212 motu
1062 3169 1229 3233 corporum
1244 3149 1325 3213 circa
1339 3147 1463 3212 umbili-

180 3278 234 3320 cos
249 3255 427 3322 conicarurn
442 3256 614 3321 sectionum
627 3255 839 3320 demonstrata
859 3266 942 3332 sunt,
965 3255 1125 3332 obtinent;
1147 3255 1201 3319 ubi
1224 3255 1347 3338 sphaera
1369 3268 1463 3320 attra-

178 3361 258 3426 hens
272 3359 381 3426 formoe
395 3373 427 3427 et
440 3361 626 3428 conditionis
641 3361 774 3446 cujusvis
784 3362 850 3446 jam
865 3359 1028 3444 descriptae
1043 3361 1163 3424 locatur
1177 3361 1211 3425 in
1221 3360 1376 3424 umbilico.

214 3587 250 3654 (¹)
263 3591 277 3619 ⁶
291 3591 340 3638 Cor.
351 3593 374 3636 2.
390 3586 547 3636 Aarscttoass
554 3585 724 3636 accelsrntricts
732 3587 806 3646 spha-
837 3583 934 3633 tollatis
947 3585 982 3632 1⁰.
995 3594 1018 3634 et
1029 3584 1065 3634 2⁰.
1079 3585 1200 3634 manifesta
1211 3597 1282 3646 sunt;
1300 3587 1364 3636 Nam
1379 3597 1462 3636 sttruo-

183 3667 259 3702 ranrrn
273 3653 296 3700 G
309 3652 345 3709 Η,
358 3651 371 3699 1
384 3651 418 3708 K,
431 3651 453 3700 L
465 3651 503 3708 Μ,
515 3651 556 3700 &c
576 3651 601 3697 in
620 3651 720 3710 sphaeras
740 3652 762 3698 A
776 3649 806 3706 B,
838 3649 908 3697 tiorris
918 3648 1032 3712 quantitas
1041 3649 1134 3707 mottir,
1152 3665 1193 3698 seu
1209 3651 1300 3711 pondus
1316 3653 1412 3712 sphaera
1428 3663 1462 3700 at-

185 3717 205 3766 C
218 3715 251 3772 D,
264 3715 287 3762 E
301 3715 327 3770 ll,
339 3715 381 3764 &a
395 3713 541 3776 singularum
550 3713 630 3762 mbr
639 3713 743 3776 singulas
754 3721 809 3760 sunt
839 3721 917 3760 tracta
931 3713 956 3759 in
970 3713 1083 3773 sphaeram
1102 3713 1231 3762 trahentem
1250 3715 1384 3778 aquipollet
1401 3717 1463 3764 facto

184 3782 236 3843 (per
255 3781 309 3827 Cor.
333 3783 353 3824 1.
374 3777 445 3840 Prop.
464 3777 515 3838 ts.)
532 3787 559 3825 ut
577 3778 673 3840 sphera
689 3779 806 3826 nubentes
836 3791 864 3824 ex
876 3775 898 3824 vi
908 3777 1066 3824 acceleratrica
1076 3775 1147 3826 ducti
1154 3777 1178 3824 in
1187 3779 1339 3840 quantitatem
1350 3781 1459 3834 materia,

183 3843 303 3902 applicata
312 3841 343 3890 ad
385 3839 464 3889 edna
478 3841 639 3888 &scantianam
652 3840 712 3889 inter
729 3849 807 3889 cenna
837 3855 878 3888 seu
889 3839 913 3886 in
924 3855 1023 3888 mamam
1034 3841 1130 3901 spiam
1143 3851 1261 3902 amotas,
1279 3843 1312 3888 vis
1328 3853 1406 3889 autem
1423 3858 1461 3889 ar-

186 3907 210 3962 S,
224 3907 254 3954 P.
289 3907 314 3960 Q
379 3904 540 3966 componendo
550 3904 587 3952 vel
603 3904 727 3952 dividmrdo
744 3919 807 3953 sum-
838 3903 958 3952 celeratrix
979 3905 1032 3967 (par
1055 3905 1108 3953 eor.
1131 3910 1153 3953 9.
1179 3905 1250 3968 Prop.
1274 3905 1356 3967 hujus)
1379 3915 1414 3952 est
1434 3916 1463 3952 ιιι

184 3983 223 4016 rna
233 3970 395 4018 attractionum
411 3967 503 4016 illarum
522 3969 629 4016 omnium
649 3968 685 4015 vel
704 3981 809 4016 acessus
839 3968 928 4028 sphaera
938 3968 1053 4016 attrahens
1063 3969 1176 4029 applicata
1186 3969 1216 4017 ad
1226 3969 1363 4036 quadratum
1374 3967 1462 4016 distan-

185 4031 315 4094 aliquarum
325 4030 396 4093 cupri
406 4031 470 4088 alias,
481 4033 525 4080 hoo
536 4041 576 4087 est,
592 4039 641 4078 tota
655 4031 760 4080 marmio
772 4045 808 4078 ao-
840 4033 879 4079 tia
889 4031 948 4078 inter
958 4039 1043 4088 osana
1060 4043 1084 4080 et
1094 4034 1231 4094 quantitates
1240 4031 1342 4080 masaia
1352 4031 1377 4078 in
1387 4033 1462 4092 spho-

186 4096 303 4143 oelsratrix
321 4097 416 4158 sphera
432 4095 606 4158 conspirabat}
619 4095 632 4143 1
646 4096 674 4144 M
688 4095 714 4142 H
732 4093 810 4142 vorsus
841 4096 872 4142 ris
883 4110 924 4156 par
935 4096 1013 4142 onmia
1026 4095 1147 4154 similibus,
1164 4105 1218 4142 sunt
1234 4104 1262 4142 ut
1279 4095 1404 4153 volumina,
1420 4107 1463 4144 seu

186 4159 300 4219 spheram
314 4159 464 4220 compositam
477 4160 500 4204 A
514 4159 535 4206 0
548 4157 603 4208 FB
619 4159 662 4206 erit
677 4168 710 4206 ut,
720 4173 812 4206 summa
841 4167 869 4207 ut
889 4161 984 4218 sphaeras
1004 4159 1066 4220 ipso.
1099 4159 1179 4214 Quare
1195 4159 1340 4206 attmctionea
1355 4159 1463 4206 motu-icas

190 4222 228 4269 vel
238 4223 367 4274 differentia
376 4228 517 4287 spumarum
535 4223 731 4270 macennirarunr
747 4222 811 4270 simi-
842 4237 884 4270 ιω
894 4222 996 4284 pondes
1006 4225 1146 4283 sphaeram
1156 4223 1181 4268 in
1191 4223 1297 4282 spuens,
1309 4231 1365 4270 arnt
1372 4231 1399 4269 ut
1406 4237 1462 4270 con·

185 4281 271 4332 larium
285 4287 307 4332 A
320 4287 350 4344 B,
363 4287 383 4335 C
397 4287 429 4346 D,
443 4287 466 4334 E
481 4287 506 4340 F.
519 4287 560 4334 &a
575 4287 605 4334 ad
615 4285 752 4348 quadratam
761 4285 807 4332 dir-
839 4295 903 4334 tenta
913 4289 956 4334 sub
966 4287 1060 4347 sphaeris
1069 4301 1110 4348 per
1120 4285 1335 4346 multiplicationem
1350 4285 1464 4346 products

186 4345 266 4394 batia
279 4347 295 4394 S
309 4349 458 4410 Papplicata.
494 4349 539 4398 Sed
550 4351 570 4397 si
585 4351 680 4410 sphaera
694 4351 810 4398 mbsates
840 4348 926 4398 diredd
936 4361 959 4398 et
969 4351 1080 4414 quadrata
1089 4348 1249 4397 &amusium
1258 4348 1319 4396 inter
1333 4359 1412 4398 centra
1426 4349 1463 4396 iu-

187 4420 242 4458 sunt
252 4410 295 4458 sibi
306 4411 404 4460 invioem
414 4429 455 4474 per
465 4414 544 4462 omnia
559 4413 653 4472 smila,
667 4427 765 4462 namma
780 4413 809 4460 il-
839 4411 911 4460 vasa

186 4474 217 4522 loe
228 4475 264 4522 vel
275 4475 410 4524 differentia
420 4487 475 4526 runt
485 4487 512 4526 ut
521 4479 617 4538 sphaene
632 4477 694 4539 ipsus.
731 4473 811 4532 Qusrd
874 4475 914 4540 (ω)
932 4481 946 4509 ¹
965 4477 1142 4538 Prantr'oaales
1158 4477 1281 4526 tumetra
1324 4477 1376 4527 cor.
1397 4481 1420 4526 6.
1439 4483 1463 4524 et

187 4548 250 4599 psat
260 4537 342 4586 veritas
355 4539 431 4588 Corol.
446 4546 468 4588 ι.
479 4551 503 4588 et
514 4547 537 4590 2.
843 4545 865 4590 7.
878 4549 985 4590 comtum
995 4555 1036 4603 per
1048 4539 1102 4590 Cor.
1113 4545 1137 4590 a.
1153 4539 1222 4602 Pron
1236 4545 1275 4588 aa·

220 4601 250 4666 (¹)
269 4607 281 4633 '
301 4607 350 4653 Cor.
361 4607 383 4652 t.
405 4603 531 4654 Corollaria
541 4601 595 4653 3¹¹⁰.
613 4613 637 4652 et
648 4603 700 4652 4³³³.
719 4617 747 4652 ca
765 4601 812 4652 Co·
