3588 5866
25 619 27 632 l

186 556 301 623 Lim
316 555 483 638 Pramus]
571 551 810 620 PRINCIPIA
836 553 1205 621 MATHEMATICA.
1429 553 1470 610 59

183 728 226 793 ad
240 730 363 794 ultimas
377 728 584 814 quantitatum
593 724 843 800 ‘evanescentium
857 747 991 792 summas
1004 739 1036 792 et
1050 728 1191 806 rationes,
1215 729 1390 815 primasque
1413 751 1469 796 ua·

184 835 344 912 stantium,
368 835 403 896 id
432 845 488 911 est,
512 833 552 896 ad
580 833 691 896 limites
705 834 760 916 (⁰)
783 853 970 896 summarum
1001 846 1032 897 et
1060 835 1215 898 rationum
1242 835 1411 914 deducere3
1438 849 1470 899 et
1558 848 1562 859 ’

184 954 349 1027 propterea
361 941 497 1004 limitum
511 939 634 1002 illorum
645 939 920 1002 demonstrationes
934 938 994 1024 quai
1009 940 1096 1023 potui
1111 940 1258 1004 brevitate
1270 943 1468 1025 praemittere.

188 1049 250 1112 His
263 1046 439 1112 enimidem
454 1057 618 1129 praestutur
641 1043 725 1129 quod
747 1065 804 1128 per
826 1043 1007 1108 methodum
1030 1044 1273 1122 indivisibilium
1296 1059 1327 1110 et
1350 1048 1467 1130 princi-

104 1193 106 1200 ·
185 1155 243 1240 piis
267 1152 484 1217 demonstratis
502 1153 568 1235 jam
591 1147 684 1214 tutids
699 1161 830 1214 utemur.
876 1150 1014 1213 Proinde
1027 1151 1061 1213 in
1075 1152 1279 1236 sequentibus,
1303 1153 1469 1239 siquando

185 1261 369 1346 quantitates
382 1269 530 1342 tanquam
545 1278 585 1320 ex
598 1256 756 1339 particulis
766 1267 939 1320 constantes
961 1255 1203 1334 consideravero,
1226 1259 1274 1322 vel
1289 1260 1314 1322 si
1327 1281 1387 1344 pro
1401 1281 1467 1323 rec-

184 1368 225 1430 tis
239 1385 427 1450 usurpavero
441 1363 569 1426 lineolae
590 1381 712 1437 curvas3
734 1361 832 1424 nolim
845 1361 1051 1440 indivisibilia,
1075 1363 1128 1427 sed
1143 1365 1352 1427 evanescentia
1365 1364 1469 1428 divisi-

185 1473 271 1550 bilia,
294 1493 357 1534 non
381 1491 513 1532 summas
537 1479 568 1530 et
590 1459 722 1530 rationes
732 1467 867 1550 partium
883 1469 940 1552 (Ρ)
962 1465 1243 1547 determinatarum,
1266 1469 1319 1532 sed
1333 1491 1467 1532 summa-

187 1599 260 1641 rum
274 1587 306 1640 et
318 1575 469 1640 rationum
484 1573 595 1636 limites
610 1592 732 1656 semper
746 1571 889 1658 intelligi3
912 1573 1037 1657 vimque
1050 1571 1158 1636 talium
1172 1572 1469 1641 demonstrationum

186 1683 227 1748 ad
242 1683 421 1747 methodum
435 1680 676 1766 praecedentium
690 1679 869 1742 lemmatum
885 1699 1004 1763 semper
1025 1680 1170 1743 revocari.

229 1789 371 1874 Objectio
393 1786 554 1872 estquod
579 1785 783 1870 quantitatum
816 1784 1061 1849 evanescentium
1087 1785 1172 1848 nulla
1201 1787 1239 1848 sit
1267 1786 1374 1850 ultima
1394 1809 1467 1870 pro-

185 1896 302 1980 portio;
324 1895 440 1979 quippe
454 1913 533 1977 quae‚
556 1903 720 1976 antequam
734 1901 935 1968 evanuerunt,
957 1911 1022 1952 non
1045 1901 1092 1953 est
1115 1891 1235 1967 ultima3
1258 1892 1310 1954 ubi
1336 1915 1467 1958 evanue·

186 2013 266 2080 runt,
289 1999 375 2063 nulla
398 2009 452 2062 est
498 1996 572 2062 sed„
586 2007 617 2060 et
641 1996 749 2059 eodem
772 2009 954 2084 argumento
976 2019 1065 2082 seque
1078 1997 1222 2060 contendi
1236 2008 1338 2080 posset
1350 1999 1493 2074 nullam·

184 2130 247 2171 asse
262 2103 400 2191 corporis
414 2103 455 2168 ad
470 2117 588 2167 certum
601 2103 714 2181 locum,
738 2103 793 2173 ubi
807 2115 908 2182 motus
929 2103 1062 2180 finiatur,
1085 2104 1290 2187 pervenientis
1305 2105 1361 2190 (q)
1383 2105 1467 2168 velo-

187 2214 308 2277 citatem
330 2211 485 2274 ultimam:
508 2208 589 2270 hanc
614 2209 706 2286 enim,
731 2221 894 2294 antequam
918 2229 1029 2292 corpus
1052 2209 1175 2296 attingit
1188 2209 1300 2287 locum,
1325 2231 1389 2272 non
1403 2233 1468 2274 esse

188 2319 340 2392 ultimam3
362 2317 417 2380 ubi
441 2315 572 2403 attingit,
595 2314 712 2377 nullam
736 2337 808 2380 esee.
855 2317 898 2380 Et
918 2316 1075 2398 responsio
1088 2315 1185 2381 facilia
1205 2327 1262 2377 est:
1284 2336 1342 2397 per
1355 2317 1469 2379 veloci·

191 2435 286 2487 tatem
301 2424 437 2486 ultimam
452 2421 583 2507 intelligi
598 2443 675 2497 earn,
699 2419 760 2507 qui
783 2441 896 2504 corpus
916 2432 1067 2496 movetur,
1083 2442 1183 2504 neque
1197 2431 1361 2502 autequam
1375 2421 1467 2484 attiu-

194 2529 241 2616 git
262 2529 365 2592 locum
385 2527 527 2590 ultimum
550 2539 580 2589 et
594 2541 695 2588 motus
710 2537 815 2604 cessat,
838 2547 938 2611 neque
951 2535 1066 2608 postea,
1090 2524 1144 2586 sed
1158 2535 1232 2585 tunc
1246 2545 1317 2586 oum
1331 2525 1468 2611 attingitr

194 2633 230 2697 id
244 2645 296 2712 est,
319 2633 402 2696 illam
416 2634 515 2717 ipsam
529 2630 722 2694 velocitatem
736 2631 868 2717 quicum
883 2653 995 2715 corpus
1010 2630 1134 2718 attingit
1154 2629 1259 2691 locum
1273 2628 1417 2693 ultimum
1436 2643 1469 2695 et

194 2819 239 2854 rea
271 2803 334 2854 Nam
345 2800 521 2850 considerabant
535 2801 652 2864 polygcna
670 2801 762 2851 circulis
778 2805 816 2851 in·
848 2803 953 2852 curatius
961 2801 1102 2864 procederet,
1123 2801 1176 2850 loto
1186 2801 1362 2852 indivisibilium
1382 2819 1467 2854 mane.

192 2869 392 2946 nippatapquam
399 2866 563 2942 pompositaex
571 2867 667 2940 infinitis
676 2875 814 2941 numerunt-
848 2867 939 2941 westie
945 2865 1068 2913 divisibilia
1078 2866 1202 2922 substituit,
1214 2876 1239 2914 et
1253 2867 1397 2942 quantitates·
1412 2869 1468 2944 idq-

193 2929 338 2996 quernflmte
346 2943 423 2990 parus
436 2930 814 2988 seuevenescentrlruslaterrbus3
845 2933 978 2978 thematrcas
996 2945 1045 2976 non
1066 2939 1094 2976 ut
1116 2945 1144 2975 ex
1160 2933 1264 2989 partibus
1290 2945 1345 2976 uam
1365 2945 1469 2980 mmunra

194 2995 343 3070 mqnilmqm
354 3002 438 3070 autern
445 3001 480 3064 est
488 2990 641 3070 didemntiam
652 2991 814 3068 polygoniflin-
846 3001 982 3068 cpnstautes,
989 2991 1064 3067 sedut
1074 3002 1140 3067 motu
1152 2989 1265 3067 continuo
1274 2946 1402 3068 descriptas
1412 3009 1469 3044 con·

194 3055 815 3180 ilinimmioqimd‘iianffliiilihi‘
847 3055 1468 3182 tidrtttttttttss{ttitttttlltt„il

199 3183 305 3231 oendbua
311 3180 390 3227 circuli
398 3181 521 3243 segmentis
530 3197 631 3244 quorum
638 3181 708 3229 latera
718 3183 813 3246 polygn«
846 3183 886 3232 sed
903 3193 1045 3242 permotum
1062 3183 1200 3230 continuum
1211 3191 1359 3244 punctorum,
1371 3182 1469 3243 supsrh.

200 3247 228 3295 ui
238 3255 294 3292 sunt
302 3243 405 3301 chorda
418 3245 468 3290 hac
477 3244 530 3291 verd
542 3255 661 3306 segmenta
671 3256 727 3292 sunt
744 3247 814 3293 mini·
846 3248 892 3294 cies
910 3262 951 3307 per
966 3255 1057 3294 motum
1068 3245 1191 3302 linearum,
1209 3257 1233 3295 et
1243 3245 1316 3294 solida
1327 3261 1368 3306 per
1379 3255 1470 3294 motum

201 3325 248 3358 ruse
258 3307 396 3370 quarrtitatas
406 3305 452 3352 illa
461 3323 515 3368 quas
522 3307 617 3354 secundi
628 3309 717 3356 ordinis
737 3309 815 3356 inlini·
846 3309 1026 3370 superficierum,
1039 3309 1139 3372 angulos
1159 3325 1201 3370 per
1211 3310 1351 3357 rotaticum
1362 3309 1467 3368 laterum,

201 3373 295 3424 teaimas
313 3370 394 3416 dicunt
407 3369 556 3418 Recentiores.
593 3371 643 3418 Hic
657 3373 740 3432 pedem
757 3373 815 3420 lixe-
846 3383 996 3434 temporaper
1005 3373 1096 3420 fluxum
1105 3373 1319 3428 continuum,etsio
1327 3373 1351 3418 in
1360 3373 1452 3420 crateris.

199 3443 354 3486 mesenates.
374 3433 607 3496 primtrsquelongids
623 3435 730 3498 pmgredi
746 3452 817 3484 ausus
880 3437 977 3499 (o)1³8.
991 3435 1471 3500 lllriareacurvilineainparnllelogmm.

198 3509 234 3547 eat
243 3497 405 3546 oelsberrimm
414 3497 537 3544 Geometra
546 3501 711 3547 Beneventum
721 3499 816 3546 Cavale-
848 3515 887 3546 ma
897 3499 1015 3546 rectilinea
1026 3498 1144 3552 dividitur,
1163 3507 1278 3545 eteorum
1299 3513 1411 3546 numerus
1427 3517 1470 3548 nu·
1543 3511 1549 3522 ·

198 3565 256 3620 rina,
267 3561 307 3626 qui
315 3575 377 3608 auno
386 3565 453 3616 16³5,
460 3560 636 3610 indivisibilium
646 3562 781 3610 methodum
791 3563 818 3609 in
849 3572 917 3625 getur
931 3571 1001 3622 atque
1013 3561 1114 3609 latitudo
1130 3561 1244 3608 minuitur
1254 3561 1280 3607 in
1291 3561 1416 3620 infinitum,
1428 3565 1470 3610 ho.

199 3624 348 3690 gmmemiam
368 3623 502 3670 mundarit
548 3627 604 3674 Hoc
622 3626 723 3686 primurn
740 3626 818 3685 posuit
848 3640 902 3672 rum
920 3624 1188 3686 parallelogrammorum
1209 3640 1301 3673 summa
1322 3627 1402 3689 (Lem.
1424 3628 1469 3690 2.),

200 3705 250 3738 ma
262 3687 365 3734 methodi
376 3687 501 3742 decretrm
512 3687 586 3736 lineas
596 3689 681 3749 nempd
691 3704 719 3736 ea
739 3689 817 3736 inlini-
849 3703 969 3750 nunquam
985 3697 1059 3748 potest
1078 3703 1126 3734 esse
1143 3689 1418 3747 ma'orareicurvilinei,
1429 3691 1471 3740 sed

200 3753 231 3802 tis
241 3751 332 3812 maelis
342 3759 452 3805 unumne
460 3753 591 3811 arperlicies
601 3767 629 3798 ex
640 3753 736 3800 infinitis
743 3753 818 3808 lineis,
850 3755 900 3800 here
911 3767 963 3798 area
973 3759 1008 3798 eat
1025 3753 1139 3799 terminus
1155 3706 1190 3800 ad
1195 3767 1265 3814 quem
1281 3753 1470 3818 parallelogram-

201 3827 226 3865 et
235 3814 308 3862 solida
317 3828 346 3861 sa
357 3813 453 3860 inlicitis
463 3815 641 3874 nepertieiebus3
657 3816 741 3863 deinde
758 3815 816 3863 indi·
850 3831 943 3863 morum
951 3815 1133 3864 decrescentium
1143 3831 1235 3864 summa
1243 3832 1335 3876 semper
1345 3817 1434 3866 meedit
1447 3827 1472 3866 et

201 3876 602 3941 visibiliaillaelemeumtolamque
612 3895 693 3926 eorum
703 3893 819 3926 summam
850 3895 921 3941 quem
941 3877 1036 3926 tandem
1062 3879 1161 3941 attingit
1188 3880 1229 3928 ubl
1257 3881 1472 3944 parallelogramma

200 3951 318 4004 eomparat
328 3941 354 3989 in
363 3941 412 3988 und
421 3943 582 4003 magnitudine
593 3957 647 3990 eum
657 3942 756 4004 singulis
772 3943 819 3990 ele·
851 3951 990 3990 ermescunt
1000 3951 1042 3991 aut
1051 3953 1185 3992 nascuntur·
1220 3942 1286 3991 Idem
1307 3943 1431 3992 dicendum
1441 3943 1471 3990 de

201 4007 291 4118 qartusd
304 4019 432 4068 eorumque
442 4005 534 4116 suffit
544 4005 569 4052 in
588 4005 633 4116 alga
651 4006 818 4116 rnagqlpqdine.
852 4005 1041 4117 mgpwerppqpips
1052 4021 1175 4054 curvarum
1185 4007 1276 4055 chordis
1290 4019 1396 4067 remorta
1411 4007 1471 4067 peri-

236 4085 268 4118 ne
292 4083 374 4116 uanum
507 4083 573 4116 mum
585 4085 610 4116 ra
628 4083 697 4116 onem
766 4085 820 4116 rmr-
853 4085 877 4116 m
931 4085 961 4116 cu
1030 4085 1069 4117 aar.

203 4143 252 4182 nat
296 4131 357 4180 liae
374 4081 463 4178 fflm
472 4133 628 4193 quantitatum
646 4131 822 4179 indivisibilium
886 4133 920 4196 (u)
940 4137 991 4182 139.
1023 4134 1170 4188 Quantula
1196 4141 1356 4182 evanescentes
1381 4132 1472 4193 concipi

204 4193 425 4260 hypothsdsdurlor
434 4191 708 4259 minusque'geometrioa
720 4197 821 4244 Nenco-
853 4195 1473 4246 nondebeutvelutdeterminatnautdeterminabilea
1558 4227 1560 4232 ,

205 4261 342 4309 nonnae
854 4259 960 4322 quaedem
967 4261 1082 4320 portiones
1089 4262 1396 4324 quantitatumqurecertam
1404 4259 1472 4307 etde-

237 4325 274 4387 (ι)
293 4327 345 4372 187.
364 4317 512 4383 Naronae,
536 4332 564 4370 ut
579 4323 702 4372 indirectas
726 4333 750 4370 et
770 4337 822 4384 per·
854 4323 1083 4383 finitamparvitatem
1092 4325 1216 4372 obtineant.
1236 4323 1473 4384 Quascumqueenlm

205 4388 285 4450 plexas
294 4387 496 4434 vinearetum
511 4385 723 4442 demonstrationes,
741 4401 821 4434 earum
855 4387 1014 4447 portiunculas
1024 4387 1145 4442 linearum.
1157 4385 1329 4446 strperficiemm
1340 4397 1382 4432 aut
1392 4401 1473 4446 corpo.

205 4459 284 4498 tamen
294 4448 457 4498 certimdinem
472 4457 497 4496 et
511 4449 651 4500 evidentiam
672 4460 823 4504 conservaret,
856 4465 909 4497 rum
916 4451 1072 4510 acceperimus
1080 4460 1121 4498 aut
1128 4449 1331 4511 designaverimus.
1341 4450 1475 4511 harsemper

206 4524 310 4562 vetemrn
319 4513 460 4574 principium
478 4513 587 4562 lanmate
604 4515 680 4574 primo
690 4513 827 4575 generaliter
858 4513 1011 4574 reipsilinitn
1019 4524 1095 4567 erunt,
1105 4529 1151 4560 non
1160 4522 1330 4570 evanescentem
1339 4513 1418 4575 itaqua
1426 4529 1474 4561 non

205 4577 320 4638 expressit.
339 4575 446 4636 illudque
464 4575 489 4622 in
508 4577 623 4624 lemmatis
633 4576 779 4638 sequentibus
795 4575 825 4622 cd
858 4587 914 4624 sunt
924 4575 984 4624 iatri
994 4587 1067 4625 certos
1077 4577 1187 4624 terminos
1197 4577 1345 4638 quantumvis
1360 4577 1475 4634 proximos

206 4656 286 4688 curvas
306 4639 436 4704 generatim
454 4637 582 4700 applicavit,
611 4650 635 4688 et
655 4639 709 4687 inde
729 4639 826 4686 directas
857 4640 1006 4696 amanda,
1025 4639 1088 4688 unde
1103 4642 1140 4687 hae
1150 4640 1289 4702 quantitates
1298 4655 1388 4700 semper
1399 4651 1425 4688 ut
1436 4641 1476 4688 de·

207 4707 370 4766 pa'orevesque
383 4701 590 4758 demonstrationes
600 4705 625 4751 in
635 4713 684 4754 teto
700 4704 774 4762 operis
784 4701 823 4749 de·
857 4713 983 4750 emacem
992 4719 1019 4753 ae
1029 4699 1139 4766 perpetui>
1146 4703 1303 4751 diminuenda
1308 4704 1379 4764 accipi
1386 4703 1478 4753 dehent.

207 4767 397 4826 eursrsdeduxit.¹
422 4765 460 4813 Ut
477 4777 557 4814 autem
570 4767 672 4815 methodi
682 4765 827 4814 mdivisibili-
891 4765 1476 4832 (t)140Eremplieausl,gravismrsirmpro-
1539 4763 1541 4769 '
1586 4783 1590 4792 ·

208 4833 394 4882 umluevitatem
404 4839 569 4894 asumuntur,
581 4831 654 4880 nitius
665 4839 780 4898 tamenet
789 4843 827 4878 ec-
855 4831 912 4894 jecti
922 4839 946 4880 et
956 4831 1132 4882 adaltissimunt
1141 4831 1220 4880 locum
1230 4829 1401 4900 pensamus!
