3572 5854
196 533 313 600 Lim
329 533 497 614 Panaca]
564 533 809 602 PRINGlPlA
834 533 1209 607 MATHEMATICA.
1430 551 1490 613 aut

197 709 269 793 lper
283 707 390 794 legum
406 707 515 774 Corul.
532 709 606 792 vl.)
627 731 665 774 ac
679 709 706 776 ai
720 709 772 774 bae
786 710 985 776 attractiones
1000 709 1194 776 tollerentur.
1239 707 1286 796 Et
1296 711 1367 798 pari
1377 715 1498 782 rarione

196 837 224 880 sr
238 815 383 882 attractio
399 817 424 882 S
440 816 473 880 N
487 817 592 882 minor
606 831 688 884 easet
701 820 886 884 attractione
897 821 921 886 S
933 819 983 898 M,
996 819 1120 885 tolleret
1133 822 1203 906 ipsa
1217 821 1410 888 attractionis
1423 824 1446 888 S
1458 823 1497 890 M

195 933 318 1008 partem
334 923 358 988 S
374 922 418 1001 N,
434 935 468 988 et
479 937 621 990 maneret
634 947 709 1010 pars
724 925 791 992 sola
807 926 847 992 M
863 927 906 1006 N,
922 921 983 1013 q'ub
999 938 1177 1011 temporum
1200 940 1233 994 et
1255 949 1398 994 arearum
1422 951 1497 1014 pro-

194 1027 412 1114 portionalitas
427 1041 460 1094 et
473 1031 585 1096 orbitae
598 1030 701 1095 forma
715 1031 770 1096 illa
784 1031 921 1116 elliptica
942 1032 1189 1124 perturbaretur.
1235 1033 1278 1100 Et
1304 1035 1444 1119 similiter
1470 1037 1497 1102 ai

195 1137 340 1201 attractio
357 1138 381 1203 S
396 1137 429 1202 N
450 1138 551 1224 major
571 1151 654 1204 esset
674 1141 859 1206 attractione
886 1141 974 1218 SM,
1003 1142 1141 1207 oriretur
1163 1165 1204 1207 ex
1230 1144 1405 1210 differendi
1431 1144 1495 1210 soli

197 1243 237 1308 M
252 1243 286 1308 N
298 1243 494 1328 perturbatio
508 1246 808 1330 proportionalitatis
824 1258 856 1312 et
869 1247 991 1312 orbitae.
1040 1247 1092 1312 Sic
1112 1270 1170 1333 per
1192 1251 1406 1316 attractionem
1425 1251 1448 1318 S
1463 1251 1497 1316 N

195 1349 355 1414 reducitur
369 1371 493 1434 semper
506 1352 650 1418 attractio
671 1353 764 1418 tertia
784 1353 928 1439 superior
945 1354 968 1418 S
984 1353 1024 1420 M
1038 1354 1080 1418 ad
1095 1356 1311 1420 attractionem
1328 1355 1368 1422 M
1384 1357 1426 1435 N,
1448 1369 1496 1422 at·

195 1454 347 1520 tractione
362 1455 463 1542 primi
479 1468 511 1521 et
525 1457 663 1522 secundi
686 1458 885 1524 manentibus
906 1480 1036 1544 prorsus
1059 1459 1251 1524 immutatis:
1276 1474 1307 1526 et
1328 1475 1496 1546 propterea
1595 1437 1600 1458 ’

196 1585 279 1630 areae
293 1585 330 1628 ac
345 1575 487 1650 tempora
501 1565 543 1630 ad
557 1565 891 1650 proportionalitatem,
913 1577 945 1630 et
958 1565 1061 1630 orbita
1076 1567 1104 1632 P
1119 1567 1152 1632 A
1168 1567 1197 1631 B
1212 1567 1253 1631 ad
1268 1566 1399 1632 formam
1414 1591 1496 1654 prae·

196 1669 292 1734 satam
307 1669 476 1754 ellipticam
495 1683 563 1736 turn
585 1673 722 1737 maxime
744 1672 907 1751 accedunt,
933 1672 988 1736 ubi
1011 1673 1155 1737 attractio
1172 1673 1212 1738 M
1228 1673 1261 1738 N
1276 1673 1324 1738 vel
1339 1673 1425 1739 nulla
1439 1688 1495 1755 eat,

196 1776 246 1841 vel
262 1798 356 1863 qnam
371 1777 440 1841 fieri
453 1778 554 1862 possit
568 1777 717 1856 mimma3
739 1778 801 1843 hoc
815 1791 873 1858 est,
896 1778 951 1842 ubi
975 1799 1144 1864 corporum
1161 1777 1189 1842 P
1203 1791 1235 1843 et
1249 1777 1282 1843 T
1297 1780 1496 1846 attractiones

196 1886 437 1964 moderatrices,
455 1886 545 1952 factae
559 1888 669 1952 versus
684 1911 799 1973 corpus
823 1892 856 1967 S,
881 1887 1035 1952 accedunt
1057 1887 1208 1974 quantum
1234 1887 1303 1952 fieri
1327 1902 1433 1974 potest
1455 1891 1507 1956 ad=

195 1991 425 2078 aequalitatema
449 1993 481 2057 id
497 2006 553 2073 est,
571 1995 625 2058 ubi
640 1996 785 2060 attractio
801 1997 824 2061 S
840 1995 874 2060 N
887 2015 952 2060 non
967 2007 1014 2059 eat
1027 1994 1125 2073 nulla,
1141 2015 1243 2080 neque
1253 1995 1357 2068 minor
1367 1996 1496 2062 minimi

195 2097 416 2162 attractionum
431 2100 572 2163 omnium
589 2101 612 2164 S
628 2097 677 2178 M,
694 2099 750 2164 sed
761 2101 843 2164 inter
854 2099 1075 2164 attractionum
1086 2098 1227 2163 omnium
1240 2099 1264 2164 S
1275 2097 1314 2164 M
1326 2101 1496 2168 maximam

196 2217 229 2270 et
240 2205 403 2269 minimam
418 2207 507 2292 quasi
521 2207 707 2285 mediocris3
730 2207 791 2272 hoc
805 2221 862 2288 est,
879 2227 944 2270 non
958 2205 1058 2271 multo
1072 2207 1172 2292 major
1193 2225 1296 2298 neque
1319 2208 1420 2273 multo
1438 2231 1495 2274 mr·

196 2335 257 2378 nor
271 2315 455 2378 attractione
471 2317 495 2380 S
511 2315 554 2381 K.
600 2315 642 2392 Q.
658 2338 685 2380 e.
700 2315 732 2382 d.

243 2424 310 2489 Cas.
335 2433 365 2488 2.
390 2422 428 2510 (¹)
454 2425 668 2492 Revolvantnr
677 2429 744 2514 jam
760 2449 893 2515 corpora
907 2429 1031 2492 minora
1046 2427 1084 2506 P,
1102 2427 1125 2492 S
1140 2428 1223 2491 eirca
1235 2428 1406 2492 maximum
1420 2427 1452 2492 T
1461 2428 1495 2492 in

196 2530 298 2616 planis
313 2530 443 2596 diversis
453 2556 463 2610 3
486 2545 518 2598 et
531 2535 578 2599 vis
589 2535 617 2598 L
627 2535 676 2612 M,
693 2536 816 2624 agendo
831 2535 1004 2600 secundum
1019 2535 1133 2598 Hneam
1147 2533 1217 2598 PT
1226 2533 1260 2596 in
1274 2533 1370 2618 plano
1385 2533 1495 2598 orbitae

197 2637 226 2702 P
241 2639 272 2702 A
289 2637 318 2701 Β
333 2639 433 2717 eitam,
450 2640 586 2704 eundem
600 2641 729 2706 habebit
744 2642 889 2706 effectum
903 2663 942 2705 ac
955 2641 1054 2726 prius,
1069 2661 1172 2724 neque
1184 2659 1299 2723 corpus
1310 2639 1338 2703 P
1349 2637 1389 2702 de
1399 2637 1495 2724 plano

89 2727 94 2740 ’
194 2742 305 2807 orbita
320 2765 386 2810 sure
400 2744 591 2810 deturbabit.
615 2746 648 2832 (¹)
672 2749 717 2811 At
731 2745 777 2810 vis
792 2747 892 2810 altera
907 2745 939 2811 N
957 2745 1008 2823 M,
1034 2743 1157 2832 agendo
1180 2743 1353 2808 secundum
1379 2743 1495 2810 lineam

193 2871 267 2936 quoe
279 2850 340 2934 ipsi
357 2851 381 2916 S
396 2849 428 2914 T
444 2851 595 2936 parallela
618 2865 666 2916 est
688 2857 795 2939 (atque
814 2851 898 2930 ideo,
923 2849 1051 2937 quando
1072 2869 1187 2934 corpus
1204 2849 1382 2914 Srersntur
1407 2861 1497 2914 extra

192 2955 307 3022 lineam
323 2959 492 3037 nodorum,
515 2959 684 3024 inclinatur
705 2961 746 3024 ad
766 2960 897 3045 planum
912 2959 1024 3022 orbitae
1040 2957 1067 3021 P
1083 2959 1114 3022 A
1131 2956 1174 3036 Β)
1195 2967 1311 3040 praeter
1331 2955 1496 3040 perturba-

192 3064 310 3130 tionem
324 3078 429 3130 motus
444 3066 477 3129 in
492 3065 722 3154 longitudinem
733 3068 801 3152 jam
813 3077 886 3132 ante
898 3065 1082 3150 expositam,
1095 3061 1218 3126 inducet
1229 3061 1496 3146 perturbationem

194 3181 297 3248 motus
310 3173 343 3234 in
355 3172 566 3252 latitudinem,
582 3173 740 3237 trahendo
756 3193 871 3258 corpus
888 3173 916 3236 P
930 3169 971 3235 de
984 3171 1081 3256 plano
1105 3189 1171 3233 suae
1194 3167 1315 3230 orbitae.
1360 3165 1404 3230 Et
1428 3167 1498 3232 brac

187 3261 400 3363 perturbatio,
418 3280 450 3344 in
466 3279 541 3344 dato
557 3282 666 3366 quovis
680 3301 851 3366 corporum
868 3279 943 3344 Pet
957 3279 990 3343 T
1003 3277 1044 3342 od
1060 3276 1193 3339 invicem
1217 3273 1288 3350 ritu,
1313 3273 1372 3338 erit
1394 3287 1430 3338 ut
1451 3273 1497 3336 via
1575 3263 1576 3268 ¹

190 3383 245 3448 illa
258 3405 415 3472 generans
431 3383 472 3451 M
488 3385 532 3464 N,
549 3385 684 3472 ideoque
700 3383 832 3449 minima
847 3383 959 3448 evadet
971 3381 1028 3446 ubi
1043 3381 1083 3447 M
1099 3379 1132 3444 N
1146 3391 1194 3444 est
1207 3378 1346 3454 minima,
1369 3375 1431 3442 boc
1451 3390 1499 3444 eat

191 3493 329 3579 (ntijam
351 3494 497 3578 exposui)
520 3494 576 3558 ubi
598 3493 743 3558 attractio
760 3494 785 3559 S
800 3493 833 3557 N
849 3511 914 3554 non
939 3501 986 3554 est
1010 3489 1112 3552 multo
1134 3487 1243 3572 major,
1269 3507 1371 3572 neque
1397 3487 1497 3552 multo

188 3600 291 3665 minor
305 3601 489 3666 attraouone
504 3602 529 3666 S
545 3601 588 3666 K.
633 3601 676 3677 Q.
692 3621 719 3665 e.
735 3600 767 3664 d.

141 3737 142 3740 Ἴ
224 3743 262 3812 (¹)
278 3749 334 3797 ⁴0⁷·
351 3750 401 3796 Coa·
413 3751 436 3794 2·
457 3745 561 3794 Planum
573 3745 596 3794 Τ
609 3747 632 3795 Ε
646 3747 663 3796 S
675 3745 698 3794 Ε
710 3761 764 3794 cnm
782 3747 827 3794 bu·
862 3747 913 3793 Set
925 3743 964 3803 '1¹3
990 3741 1013 3791 B
1031 3737 1087 3789 rard
1105 3737 1168 3788 urat
1186 3738 1216 3796 T,
1238 3747 1353 3800 punctum
1369 3743 1391 3787 A
1410 3739 1496 3790 dicitur

188 3809 438 3874 N⁸⁸⁶¹²⁸¹¹¹⁸¹l⁸l³lm⁰
445 3824 575 3874 congruere
582 3825 737 3874 supponatur,
747 3811 828 3858 orbita
860 3825 910 3858 aare
920 3809 946 3858 iu
956 3805 1131 3872 conjunctione,
1148 3815 1173 3852 aa
1188 3813 1305 3866 punctum
1323 3805 1346 3852 B
1362 3805 1387 3850 in
1403 3806 1495 3865 appari.

192 3871 247 3922 rard
267 3873 288 3920 P
306 3873 330 3920 A
351 3873 373 3921 B
392 3873 491 3935 planum
510 3875 583 3922 alteri
599 3877 728 3936 culpane,
748 3891 770 3924 a.
791 3889 826 3937 gr.
860 3873 925 3920 tione
935 3881 1041 3933 respectu
1052 3883 1176 3930 corporum
1189 3867 1206 3916 S
1217 3877 1241 3915 et
1253 3867 1292 3925 r;
1309 3867 1389 3914 ealora
1400 3871 1452 3916 Aac
1463 3869 1493 3926 B,

193 3939 248 3986 CA
266 3937 291 3984 D
301 3936 373 3998 cupri
384 3937 516 3998 planumT
530 3939 553 3986 E
568 3939 584 3986 S
597 3939 620 3986 E
632 3939 746 3996 eminere,
757 3948 781 3986 et
795 3938 830 3986 al-
862 3935 983 3984 eommuni
993 3934 1090 3982 nomine
1105 3931 1200 3995 ayaigira
1216 3943 1334 3978 roeanrur.
1370 3931 1453 3980 Mutua
1467 3933 1494 3980 in

190 3999 242 4050 aaa
258 4009 324 4062 parte
342 4001 367 4048 D
380 4001 403 4050 B
417 4001 437 4050 C
457 3999 519 4048 iniri
535 4003 633 4062 planum
645 4004 667 4049 T
680 4003 702 4051 Ε
716 4001 768 4051 SE
785 4002 828 4050 de·
863 3999 1222 4064 longitudinemeetqrmcorpua
1228 3993 1346 4040 resoluens
1355 3994 1494 4068 l’apunrto

192 4065 263 4126 l’limi
284 4063 359 4112 intelli
391 4073 438 4122 iub
457 4064 520 4112 linea
538 4075 601 4114 recta
621 4067 680 4116 DC
699 4067 832 4114 communia
863 4079 913 4111 surr
924 4063 1005 4112 orbitat
1016 4061 1079 4119 dato,
1090 4077 1111 4108 a.
1126 4073 1161 4124 gr.
1175 4075 1190 4106 a
1206 4067 1294 4118 puncto
1312 4055 1333 4104 C
1351 4057 1437 4130 rprrdrt
1453 4073 1494 4120 par

193 4129 319 4188 planorum
330 4079 390 4177 ΤἚ
403 4130 420 4178 S
432 4129 455 4177 E
466 4137 491 4176 et
503 4129 524 4178 P
537 4133 560 4178 A
574 4131 596 4178 Β
613 4131 751 4186 immede,
768 4129 830 4178 linea
864 4129 884 4176 C
894 4127 915 4176 P
926 4129 947 4174 A
957 4128 984 4176 D
993 4127 1031 4174 Ba
1045 4125 1154 4172 monario
1162 4121 1308 4194 latiwdinem
1317 4131 1433 4200 eatruuuu
1442 4137 1494 4170 roa.

194 4189 312 4239 nodorum
324 4192 418 4250 dicitur,
436 4203 460 4240 et
471 4191 534 4240 illius
544 4202 648 4242 extrema
664 4203 752 4254 puncta
772 4193 830 4241 Det
861 4207 906 4254 pua
917 4191 1037 4239 revolvens
1051 4191 1071 4237 P
1082 4188 1111 4236 ad
1122 4187 1220 4257 planum
1237 4193 1361 4230 immotum
1380 4185 1390 4231 l
1406 4185 1428 4231 h
1442 4185 1492 4262 Si}

195 4255 216 4304 C
236 4253 293 4302 nodi
312 4256 467 4317 appellantur.
503 4258 567 4304 Nodi
584 4258 620 4306 rel
637 4267 724 4320 puncta
742 4257 830 4320 quasia
861 4253 1162 4304 aeceditrelabaoreoerlir.
1190 4247 1493 4307 Srrorporumramlaenu„

195 4319 229 4376 D,
244 4319 265 4366 C
277 4317 387 4366 dicuntur
398 4335 449 4368 aare
459 4320 484 4366 in
496 4320 642 4384 quadraturis
655 4337 697 4368 reu
708 4330 828 4382 aspectum
860 4334 902 4367 um
911 4319 963 4367 Pet
971 4311 1493 4386 Smotuainterseconserantur,cturrumqua

190 4381 335 4445 quadratum
355 4385 460 4431 obtines
478 4393 584 4446 respectu
604 4385 707 4447 corporis
727 4385 752 4443 S,
771 4383 830 4432 dum
862 4379 1199 4444 inaandemplagamferarur,
1211 4391 1233 4421 v.
1247 4389 1282 4448 gp.
1295 4373 1454 4450 aborurdenre
1466 4376 1492 4424 in

190 4456 249 4494 flunt
259 4447 284 4493 ln
297 4445 358 4492 linui
370 4448 433 4496 reeta
443 4447 474 4495 ad
490 4449 540 4496 ST
556 4449 581 4496 in
597 4459 686 4510 puncto
697 4449 719 4496 T
731 4463 829 4510 perpen-
863 4447 983 4502 edentem,
996 4455 1074 4492 motus
1084 4442 1108 4488 ln
1120 4450 1284 4502 oonmqurnna
1295 4438 1344 4484 lieri
1355 4438 1440 4512 dicutur
1447 4457 1456 4498 ς
1472 4441 1493 4488 ai

190 4509 299 4566 dlffllfll·
313 4511 377 4570 quod
388 4511 414 4557 in
425 4511 470 4559 hoc
481 4525 538 4560 casu
549 4527 634 4574 curpua
646 4513 663 4572 S
675 4523 699 4560 et
715 4523 830 4574 punctum
862 4509 917 4559 rard
927 4511 1026 4558 alterurn
1038 4509 1062 4553 in
1074 4519 1146 4553 unam
1158 4503 1259 4578 plugmp.
1276 4503 1375 4549 alterum
1392 4517 1425 4576 m·
1434 4503 1493 4552 alea·

192 4573 262 4622 Cve]
274 4572 301 4620 D
315 4575 361 4620 sub
372 4575 463 4638 angulo
473 4585 538 4624 recto
555 4575 585 4624 da
602 4577 655 4624 loro
666 4575 688 4622 '1'
699 4575 827 4623 rideantur.
862 4589 913 4622 ram
924 4583 1053 4628 moveatur,
1064 4577 1143 4616 motua
1153 4581 1226 4614 unrua
1236 4581 1261 4642 rn
1277 4575 1442 4627 eonaaquanna
1457 4567 1490 4614 al.

192 4637 217 4684 Sl
228 4651 300 4698 auper
311 4635 376 4684 linei
389 4637 406 4685 S
418 4639 441 4686 Τ
451 4649 557 4687 erectum
570 4639 717 4702 intelligatur
732 4639 829 4700 planum
862 4639 934 4686 talus
944 4645 1040 4685 vocatur
1056 4633 1082 4681 in
1098 4629 1265 4686 antecedentia,
1278 4645 1300 4678 v.
1310 4645 1349 4704 pr.
1368 4639 1448 4705 merua
1461 4633 1493 4682 ώ

190 4700 330 4760 r¹²¹¹0TE
346 4701 574 4758 summula-tn
602 4705 829 4766 uepunmaan
861 4694 1492 4750 mammoneammnanaoenmerennm.

189 4763 273 4812 inille
289 4763 362 4825 plano
379 4713 639 4831 radcaMAquidarrr
657 4769 830 4830 intereorpoaa
895 4766 927 4832 (r)
945 4771 959 4800 a
977 4767 1011 4814 A,
1029 4765 1062 4814 ὠ
1080 4765 1151 4812 dm
1172 4763 1255 4818 ΝΜ,
1275 4761 1316 4807 &0
1364 4757 1390 4806 ᾗ
1411 4759 1492 4808 ww·

808 4850 872 4922 *xa
