3580 5866
944 489 1012 530 XXX

464 640 547 716 Quae
562 639 653 703 toties
668 638 787 703 animos
802 651 942 703 veterum
964 651 1082 704 torsere
1097 641 1278 725 sophorum,

464 748 609 834 Quaeque
623 747 745 811 scholas
759 745 874 810 frustra
888 767 983 811 rauco
998 749 1166 812 certamine
1180 760 1304 826 vexant,

467 857 571 924 Obvia
585 856 801 940 conspicimus,
818 855 935 920 nubem
951 857 1087 940 pellente
1100 857 1241 921 mathesi.

465 969 486 1034 J
487 991 539 1032 am
552 967 665 1032 dubios
679 965 766 1030 nulli
781 966 913 1056 caligine
927 977 1106 1054 proegravat
1120 987 1217 1046 error,

465 1077 564 1154 Queis
579 1074 727 1160 supersim
740 1087 905 1160 penetrare
919 1075 1029 1139 domos
1044 1090 1139 1162 atque
1152 1073 1252 1139 ardua
1265 1071 1335 1138 ooeli

466 1183 624 1250 Scandere
639 1183 779 1248 sublimis
794 1183 879 1270 genii
893 1177 1046 1248 concessit
1060 1205 1202 1248 acumen.

509 1293 645 1379 Surgite,
662 1292 820 1371 mortales,
834 1305 975 1358 terrenae
987 1293 1100 1356 mittite
1115 1315 1223 1370 cnrss3

463 1405 570 1490 Atque
582 1402 656 1466 hinc
671 1401 833 1488 coeligenre
846 1403 927 1466 vires
942 1402 1117 1489 dignoscite
1130 1401 1254 1480 mentis,

462 1513 494 1576 A
508 1509 665 1596 pecudum
681 1511 743 1574 vitai
758 1509 853 1597 longd
868 1509 992 1597 lateque
1007 1521 1146 1574 remotae.

465 1617 530 1695 Qui
545 1617 666 1703 scriptis
677 1618 770 1702 jussit
783 1603 897 1684 taliulis
911 1639 1108 1704 compescere
1122 1617 1235 1696 caedes,

464 1727 562 1792 Furta
576 1737 608 1790 et
621 1725 783 1804 adulteris,
799 1738 830 1790 et
844 1728 979 1812 perjurae
993 1729 1125 1792 crimina
1138 1726 1275 1804 fraudis;

463 1835 567 1912 Quive
580 1834 667 1922 ragis
681 1835 806 1919 populis
821 1836 1005 1901 circundare
1019 1837 1175 1901 moenibus
1190 1836 1283 1901 urbes

463 1944 585 2006 Auctor
599 1953 682 2016 erat3
706 1941 869 2005 Cererisve
883 1943 986 2007 beavit
1000 1963 1129 2007 munere
1144 1955 1273 2032 gentes3

461 2048 521 2111 Vel
536 2047 590 2132 qui
604 2041 754 2110 curarum⁴
763 2042 900 2113 lenimen
913 2051 1027 2134 pressit
1041 2050 1081 2114 ab
1095 2052 1155 2115 uvd
1163 2075 1174 2127 ς

461 2158 522 2222 Vel
537 2159 591 2243 qui
606 2155 727 2222 Niliaot
743 2157 926 2222 monstravit
940 2159 1093 2224 arundine
1107 2159 1207 2243 pictos

462 2266 651 2331 Consociare
665 2287 769 2343 sonos,
785 2266 945 2353 oculisque
960 2289 1118 2352 exponere
1132 2287 1242 2344 voces;

462 2370 645 2462 Humanam
660 2383 775 2434 sortem
789 2373 892 2436 minus
908 2373 1036 2435 extulit:
1060 2385 1169 2457 utpote
1182 2395 1283 2459 pauca

463 2477 645 2561 Respiciens
660 2478 782 2542 miserae
796 2487 919 2542 tantum
934 2479 1085 2544 solamina
1098 2481 1181 2544 vitae.

382 2587 391 2594 '
459 2585 532 2650 Jam
546 2607 621 2648 vero
636 2587 756 2670 superis
771 2587 910 2650 convivae
925 2585 1127 2666 admittimur,
1143 2587 1197 2651 alti

459 2690 538 2755 Jura
551 2689 617 2772 poli
631 2701 763 2753 tractare
778 2691 859 2767 licet,
875 2693 1003 2776 jamque
1018 2691 1124 2756 abdita
1137 2713 1230 2756 caecae

459 2795 604 2860 Claustra
617 2808 725 2879 patent
739 2796 860 2874 Terrae,
876 2819 1042 2883 rerumque
1056 2799 1224 2862 immobilis
1239 2799 1328 2878 ordo,

459 2905 502 2971 Et
516 2927 586 2991 quae
599 2905 749 2990 prseteriti
763 2906 922 2970 latuerunt
936 2905 1040 2971 secula
1053 2907 1171 2972 mundi.

502 3011 595 3076 Talia
608 3024 833 3076 monstrantem
853 3035 977 3077 mecum
992 3015 1145 3080 celebrate
1156 3017 1314 3094 camoenis,

459 3119 525 3182 Vos
542 3117 758 3184 Oooelicolum
773 3119 943 3208 gaudentes
954 3115 1080 3186 nectare
1093 3124 1185 3201 vesci,

463 3228 649 3292 Newtonum
664 3227 759 3291 clausi
773 3241 963 3294 reserantem
983 3230 1096 3294 scrinia
1110 3233 1185 3309 veri,

460 3333 650 3399 Newtonum
666 3335 770 3400 Musis
784 3336 923 3414 charum,
940 3337 990 3400 cui
1004 3351 1130 3423 pectore
1149 3359 1231 3422 puro

462 3441 601 3506 Phoebus
616 3442 713 3520 adest,
737 3445 866 3530 totorpre
881 3445 1005 3509 incessit
1019 3445 1147 3509 numine
1161 3457 1314 3510 mentem:

459 3549 528 3614 Nec
542 3549 587 3615 fas
601 3563 648 3616 est
661 3553 789 3638 propius
801 3554 922 3618 mortali
938 3555 1089 3641 attingere
1104 3554 1202 3620 divos.

1271 3711 1386 3778 EDM.
1412 3712 1615 3780 HALLEY.
