3580 5866
700 481 961 551 PRAEFATIO.
1363 553 1367 560 ,
1413 486 1471 548 xix

164 661 310 754 sedetiam
324 655 369 722 ad
385 669 546 723 cometas
568 659 602 723 in
617 657 834 724 diversissimis
860 658 1011 723 coelorum
1034 659 1214 748 regionibus
1230 672 1262 725 et
1275 661 1317 724 in
1327 659 1472 724 diversis·

166 773 241 836 simis
254 767 565 853 distantiis‘positos
580 769 741 856 pertingit.
789 765 872 832 Haec
898 768 993 856 igitur
1012 781 1061 834 est
1081 781 1194 834 natura
1213 791 1381 855 corporum
1401 791 1473 859 gra·

164 879 327 956 nentium,
343 876 584 940 ntvires-suas
596 875 739 941 edantad
750 895 860 940 omnes
871 875 1036 941 distantias
1051 878 1086 941 in
1101 877 1207 942 omnia
1221 901 1354 964 corpora
1369 879 1473 967 gravi-

165 987 264 1054 tantia.
317 984 405 1051 lude
421 1043 423 1046 .
437 983 522 1048 verb
547 985 696 1071 sequitur,
727 984 868 1069 planetas
897 997 930 1050 et
955 999 1092 1052 cometas
1117 985 1278 1053 universos
1304 1011 1337 1052 se
1362 988 1473 1054 mutub

166 1097 294 1174 trabere,
318 1107 351 1161 et
364 1095 402 1159 in
421 1117 460 1160 se
476 1093 592 1158 mutud
611 1115 723 1181 graves
747 1115 834 1158 esse:
857 1093 944 1182 quod
962 1095 1056 1160 ctiam
1076 1095 1280 1161 confirmatur
1294 1119 1335 1161 ex
1349 1111 1473 1183 pertur-

165 1211 287 1276 batione
296 1207 381 1295 jovis
397 1219 433 1271 et
448 1205 584 1282 saturni,
600 1204 787 1269 astronomis
803 1225 868 1268 non
883 1205 1052 1293 incognita,
1068 1219 1101 1270 et
1115 1206 1155 1270 ab
1170 1207 1344 1270 actionibus
1359 1206 1473 1271 borum

167 1313 408 1403 planetarumin
417 1313 600 1378 seinvicem
611 1311 764 1389 oriunda3
781 1303 900 1399 quin'et
911 1336 951 1378 ex
959 1328 1047 1378 motu
1064 1311 1119 1377 illo
1127 1315 1301 1379 lentissimo
1312 1315 1469 1400 apsidum,

168 1427 220 1512 qui
234 1423 335 1511 cupri
348 1433 545 1486 memoratus
560 1430 618 1497 est,
634 1419 751 1506 quique
765 1441 784 1483 a
799 1421 893 1484 causti
909 1419 1064 1484 consimili
1078 1421 1305 1506 proficiscitur:

212 1535 268 1599 Eo
281 1529 407 1596 demdm
422 1527 627 1615 pervenimus
642 1541 678 1592 ut
698 1527 868 1593 dicendum
883 1528 933 1608 sit,
949 1543 981 1595 et
995 1541 1112 1595 terram
1128 1545 1159 1596 et
1177 1519 1277 1598 solem
1292 1544 1324 1598 et
1338 1554 1473 1619 corpora

173 1641 280 1707 omnia
293 1639 441 1716 coelestia,
465 1657 538 1725 quae
553 1637 652 1701 solem
668 1639 867 1716 comitantur,
886 1661 920 1704 se
934 1639 1045 1706 mutud
1054 1639 1221 1706 attrahere.
1268 1641 1474 1732 Singulorum

174 1771 248 1836 ergo
274 1745 450 1832 particulae,
475 1765 610 1832 quaeque
627 1731 796 1824 munima,
811 1747 893 1810 vires
915 1769 987 1811 suas
1014 1749 1192 1828 attractivas
1218 1748 1390 1830 habebunt,
1412 1774 1475 1838 pro

170 1859 342 1947 quantimte
356 1854 499 1920 materie
512 1854 686 1940 pollentes3
708 1854 976 1942 quemadmodum
992 1855 1087 1942 suprd
1097 1857 1139 1923 de
1154 1860 1352 1926 terrestribus
1368 1872 1475 1925 osten-

169 1993 237 2034 rum
251 1981 310 2035 est.
355 1969 396 2034 In
408 1966 541 2032 diversis
556 1977 660 2032 autem
686 1963 852 2044 distantiis,
876 1978 970 2031 erunt
991 1978 1025 2032 et
1045 1966 1159 2033 harum
1174 1968 1256 2034 vires
1268 1969 1301 2034 in
1315 1969 1475 2056 duplicata

168 2079 291 2143 ratione
304 2077 525 2142 damnum
547 2073 727 2160 reciproce:
750 2097 826 2139 nam
851 2097 892 2140 ex
919 2075 1082 2162 particulis
1096 2076 1157 2143 hac
1182 2078 1253 2169 lege
1277 2081 1475 2146 trahentibus

169 2187 317 2274 componi
331 2185 448 2252 debere
462 2183 579 2273 globos
593 2183 705 2248 eadem
720 2183 791 2272 lege
804 2183 976 2263 trabentes,
996 2185 1216 2252 mathematice
1231 2188 1474 2254 demonstratur.
1576 2247 1580 2258 .

212 2295 442 2362 conclusiones
455 2293 672 2380 praecedentes
687 2293 761 2358 huic
776 2295 954 2360 innituntur
975 2296 1136 2375 axiomati,
1160 2297 1286 2385 quoda
1300 2299 1394 2363 nullis
1409 2319 1475 2362 non

169 2407 325 2491 recipitur
337 2404 532 2489 pbilosophis
540 2427 550 2481 3
573 2403 741 2468 effectuum
757 2403 875 2467 scilicet
894 2404 1035 2488 ejusdem
1049 2405 1186 2491 generis,
1209 2427 1346 2492 quorum
1360 2427 1475 2489 nempe

174 2533 250 2602 qaoe
265 2505 490 2600 mgnoscnutnr
504 2509 714 2596 proprietates
730 2509 852 2574 eaedem
866 2520 948 2587 sunt,
968 2509 1095 2574 easdem
1104 2532 1173 2574 esse
1182 2531 1292 2574 causas
1303 2525 1335 2577 et
1349 2512 1476 2578 easdem

175 2641 245 2686 esse
268 2619 473 2704 proprietates
498 2639 571 2704 quoe
597 2616 1006 2705 nonddmfcognoscuntur.
1062 2617 1144 2694 Quis
1169 2619 1253 2684 enim
1283 2620 1417 2700 dubitat,
1448 2621 1476 2685 si
1502 2629 1505 2638 ’

168 2727 307 2816 gravitas
322 2725 364 2790 sit
377 2746 470 2790 eausa
483 2724 655 2790 descensus
670 2723 786 2810 lepidis
804 2725 838 2787 in
855 2725 996 2808 Europa,
1014 2725 1091 2811 quin
1107 2725 1218 2791 eadem
1241 2727 1281 2792 sit
1303 2751 1399 2793 causa
1419 2729 1475 2795 de-

171 2859 298 2902 scensus
320 2837 354 2898 in
369 2833 543 2901 Americai
567 2833 601 2900 Si
615 2834 751 2922 gravitas
772 2845 882 2897 mutua
895 2832 990 2898 fuerit
1004 2835 1087 2899 inter
1109 2835 1253 2922 lapidem'
1261 2841 1295 2900 et
1308 2850 1424 2903 tertam
1439 2841 1472 2904 in

171 2943 320 3028 Europa3
344 2941 413 3029 quis
427 2941 708 3034 negabitmutuam
720 2963 789 3006 esse
810 2941 844 3004 in
860 2939 1035 3006 America?
1065 2941 1100 3007 Si
1122 2943 1168 3008 vis
1186 2945 1349 3009 attractiva
1362 2947 1476 3034 lapidis

172 3067 204 3120 et
226 3065 321 3119 terrae
345 3065 564 3140 componatur,
589 3053 622 3118 in
646 3053 787 3137 Europa,
815 3073 858 3116 ex
880 3051 999 3116 viribus
1025 3053 1194 3118 attractivis
1217 3054 1372 3140 partium}
1406 3059 1477 3143 quis

174 3163 307 3249 negabit
322 3161 452 3227 similem
474 3183 543 3227 esse
563 3155 822 3247 compositionem
842 3159 877 3223 in
893 3157 1065 3224 America?
1096 3159 1130 3225 Si
1152 3163 1296 3227 attractio
1318 3175 1411 3230 terroe
1435 3165 1477 3230 ad

176 3270 286 3334 omnia
305 3291 469 3355 corporum
483 3291 601 3358 genera
621 3281 654 3333 et
675 3267 716 3332 ad
738 3289 849 3332 omnes
869 3265 1032 3331 distantias
1054 3281 1248 3356 propagetur
1272 3270 1305 3334 in
1329 3265 1490 3358 Europa;'
1576 3259 1589 3285 '

175 3379 285 3467 quidni
310 3380 429 3465 pariter
452 3378 622 3466 propagari
647 3377 789 3442 dicamus
815 3378 848 3440 in
865 3374 1039 3442 America?
1061 3376 1101 3440 In
1123 3375 1184 3440 hac
1203 3377 1314 3465 regula
1328 3379 1478 3448 bundatur

176 3491 278 3555 omnis
291 3489 510 3575 philosophia:
534 3488 651 3576 quippe
666 3485 727 3572 qui
751 3485 874 3551 sublati
889 3485 968 3550 nihil
992 3483 1147 3550 affirmare
1161 3485 1317 3569 possimus
1341 3487 1382 3552 de
1407 3491 1477 3554 uni-
1559 3533 1563 3542 -

177 3601 284 3666 versis.
330 3597 524 3665 constitutio
538 3619 644 3662 rerum
656 3595 850 3684 singularum
866 3593 1032 3658 innotescit
1054 3615 1112 3678 per
1126 3593 1360 3661 observationes
1375 3605 1407 3662 et
1421 3621 1477 3664 ex-

177 3707 367 3792 perimenta:
390 3706 467 3773 inde
486 3703 562 3772 verb
576 3727 641 3770 non
655 3703 716 3770 nisi
739 3725 798 3788 per
820 3701 903 3768 banc
917 3701 1058 3792 regulam
1074 3701 1115 3768 de
1137 3723 1242 3768 rerum
1262 3705 1477 3774 universarum

177 3817 289 3882 natural
300 3817 510 3906 judicamus2
1265 3825 1268 3832 '

219 3925 240 3991 J
242 3949 293 3990 am
309 3926 384 3992 edm
399 3925 509 4015 gravia
528 3927 711 3992 sintomnia
727 3948 871 4013 corpora,
896 3949 968 4015 quae
983 3926 1069 4013 apud
1083 3940 1199 3994 terram
1212 3930 1261 3995 vel
1283 3931 1314 3994 in
1326 3932 1413 3997 coelis
1428 3953 1477 3996 re·
1574 3973 1579 3984 ι

177 4034 351 4118 pariuntur,
376 4034 418 4099 de
432 4034 547 4121 qmbus
562 4035 776 4120 experimenta
791 4035 842 4099 vel
864 4035 1098 4100 observationes
1114 4037 1277 4103 instituere
1297 4037 1387 4117 licet3
1410 4059 1478 4101 om·

177 4141 252 4206 nind
267 4142 440 4208 dicendum
451 4141 521 4219 erit,
532 4142 717 4229 gravitatem
733 4141 918 4226 corporibus
934 4142 1087 4208 universis
1103 4157 1291 4230 competere.
1316 4145 1359 4208 Et
1369 4167 1478 4230 quem·
1526 4153 1530 4160 '

176 4251 349 4318 admodum
371 4249 461 4314 nulla
476 4249 599 4334 concipi
614 4247 732 4316 debent
746 4269 890 4334 corpora,
915 4269 988 4336 quae
1014 4270 1080 4314 non
1102 4249 1165 4315 sint
1189 4263 1328 4327 extensa,
1352 4251 1480 4316 mobilia

173 4371 204 4426 et
227 4344 502 4447 impenetrabilia3
525 4356 568 4421 ita
582 4355 669 4422 nulla
683 4355 807 4440 concipi
830 4354 958 4434 debere,
982 4376 1053 4441 quae
1073 4378 1138 4422 non
1161 4357 1223 4422 sint
1236 4356 1353 4444 gravia.
1400 4359 1480 4423 Cor·

171 4493 284 4557 porum
300 4465 462 4544 extensio,
485 4463 653 4543 mobilitas,
677 4476 709 4528 et
722 4461 1002 4548 impenetrabilitas
1018 4485 1083 4528 non
1097 4463 1157 4528 nisi
1171 4485 1230 4548 per
1252 4465 1493 4550 experimenta,-

171 4581 395 4653 innoteecuut3
419 4573 533 4640 eodem
547 4573 641 4659 pland
663 4571 760 4637 modo
781 4571 918 4659 gravitas
939 4573 1114 4638 innotescit.
1135 4563 1141 4582 ¹
1161 4571 1306 4660 Corpore
1320 4575 1425 4640 omnia
1440 4575 1481 4640 de

173 4691 283 4776 quibas
294 4667 541 4754 observationes
554 4682 719 4780 babemus,
742 4693 874 4747 extensa
889 4695 963 4748 sunt
977 4669 1010 4748 et
1023 4681 1153 4749 mobilia
1166 4697 1199 4750 et
1213 4685 1481 4772 impenetrabiliter

803 4793 852 4840 aa
