3584 5864
136 555 141 563 -
212 519 325 588 nam
341 523 505 623 raram]
552 519 796 589 enrnomm
819 467 1213 588 uarunnanrca(
1436 526 1501 586 ne

181 689 184 694 ’
209 717 284 783 ceps
298 695 567 761 determinabitur.
599 696 696 762 Sume
711 693 860 782 angulum
872 693 904 758 T
912 692 1179 778 proportionalem
1189 693 1324 776 tempori
1335 715 1397 778 quo
1408 715 1500 760 arcus

210 803 281 870 BP
295 802 469 886 descriptus
483 815 540 879 est,
557 823 611 864 seu
625 802 725 865 motui
739 799 845 864 medio
860 804 909 884 (ut
918 798 1101 886 loquuntur)
1116 798 1284 884 aequalem3
1307 813 1339 864 et
1349 800 1499 888 angulum

193 993 196 1000 .
207 911 249 988 V,
259 911 393 994 primam
403 907 498 972 medii
508 920 612 972 motus
621 907 838 992 aequationem,
849 905 890 970 ed
899 906 1049 994 angulum
1059 906 1099 984 Y,
1111 906 1318 992 aequationem
1329 905 1498 970 maximam

206 1019 350 1105 primam,
367 1030 402 1079 ut
417 1029 464 1082 est
478 1015 564 1080 sinus
580 1014 667 1099 dupli
682 1017 789 1104 anguli
805 1016 837 1081 T
847 1015 888 1079 ad
903 1014 1043 1092 radium3
1067 1029 1159 1102 etque
1171 1016 1321 1103 angulum
1333 1015 1379 1092 X,
1392 1036 1498 1100 tequa-¹

205 1127 324 1194 tionem
340 1123 519 1201 secundam,
536 1123 577 1187 ad
591 1123 741 1210 angulum
754 1123 791 1201 Z,
807 1123 1015 1206 aequationem
1026 1125 1194 1187 maximam
1207 1123 1386 1202 secundam,
1403 1135 1438 1188 ut
1448 1136 1497 1190 est

121 1209 125 1218 ι
206 1237 305 1300 cubus
322 1234 408 1300 sinus
423 1233 530 1322 anguli
541 1216 623 1297 T'ad
637 1233 753 1297 cubum
767 1233 857 1298 radii.
893 1233 1092 1320 Angulorum
1104 1231 1144 1311 T,
1158 1233 1198 1312 V,
1209 1233 1244 1297 X
1258 1233 1308 1298 vel
1323 1255 1454 1298 summae
1463 1233 1496 1298 T
1572 1285 1579 1292 .

213 1354 246 1420 -l-
263 1344 298 1408 X
314 1355 347 1422 4-
363 1345 405 1421 V,
422 1344 449 1408 si
463 1341 597 1431 angulus
613 1341 645 1406 T
659 1353 745 1406 recto
759 1341 863 1405 minor
877 1354 934 1419 est,
948 1341 997 1405 vel
1012 1341 1195 1406 differentiae
1211 1341 1243 1404 T
1259 1352 1291 1416 -Ι-
1308 1342 1344 1406 Χ
1354 1379 1398 1392 -
1409 1343 1450 1420 V,
1467 1343 1495 1406 si
1570 1391 1573 1397 .

206 1452 232 1516 is
246 1465 331 1516 recto
344 1453 444 1538 major
459 1462 508 1516 est
519 1449 674 1536 rectisque
688 1448 810 1512 duobus
822 1449 935 1526 minor,
948 1449 1102 1536 aequalem
1114 1471 1190 1534 cape
1201 1447 1352 1535 angulum
1364 1449 1392 1512 Β
1403 1451 1440 1514 H
1453 1451 1491 1529 P,

206 1576 329 1630 motum
342 1563 481 1628 medium
495 1577 670 1649 aequatum3
692 1577 726 1626 et
741 1562 767 1626 si
783 1561 821 1626 H
837 1563 1022 1628 Poccurret
1036 1564 1137 1650 ellipsi
1151 1564 1185 1627 in
1202 1562 1239 1641 P,
1255 1563 1324 1628 ectri
1348 1564 1372 1628 S
1388 1564 1415 1628 P
1436 1565 1492 1628 ab·

205 1668 326 1734 scindet
339 1691 444 1734 aream
458 1669 485 1734 B
497 1669 521 1737 S
532 1669 560 1733 P
572 1667 705 1751 tempori
715 1667 983 1752 proportionalem
995 1667 1251 1755 quamproxime.
1293 1665 1378 1734 Haec
1385 1665 1495 1753 praxis

205 1776 279 1842 satis
294 1777 439 1862 expeditu
453 1776 585 1854 videtur,
602 1788 770 1861 propterea
782 1774 869 1861 quod
883 1777 1071 1864 angulorum
1091 1777 1337 1867 perexiguorum
1354 1778 1385 1840 V
1400 1791 1432 1841 et
1447 1777 1493 1854 X,

204 1884 239 1948 in
251 1886 381 1950 minutis
397 1884 550 1964 secundis,
567 1886 592 1949 si
604 1885 717 1970 placet,
733 1886 917 1970 positorum,
936 1886 1053 1974 figuras
1067 1886 1145 1951 duas
1161 1900 1261 1952 tresve
1275 1888 1393 1972 primas
1407 1887 1495 1950 inue-

204 1994 271 2058 nire
285 1995 407 2060 sufficit.
454 1995 518 2060 Sed
532 2007 564 2060 et
578 1995 652 2060 satis
667 2009 811 2060 accurata
825 2008 873 2060 est
887 1994 928 2058 ud
942 1993 1095 2060 theoriam
1109 1996 1315 2081 planetarum.
1360 1997 1444 2061 Nam
1458 1996 1493 2059 in

204 2101 280 2166 orbe
295 2102 345 2168 vel
360 2103 475 2168 Martis
490 2103 597 2188 ipsius,
620 2103 708 2188 cujus
723 2101 857 2186 aequatio
872 2101 971 2166 centri
985 2102 1122 2166 maximo
1136 2116 1183 2166 est
1196 2102 1352 2189 graduum
1373 2103 1492 2182 decem,

204 2231 293 2276 error
306 2211 360 2274 vix
382 2210 540 2295 superabit
560 2211 715 2272 minutum
738 2229 837 2271 unum
861 2207 1044 2271 secundum.
1090 2208 1223 2272 Invento
1248 2221 1352 2272 autem
1377 2211 1492 2298 angulo

204 2333 307 2386 motus
321 2320 415 2404 medii
429 2319 544 2405 aequati
560 2317 589 2383 B
605 2317 641 2382 H
658 2316 696 2396 P,
711 2315 844 2405 angulus
859 2315 925 2381 veri
939 2331 1043 2382 motus
1067 2317 1096 2382 B
1114 2320 1137 2384 S
1155 2318 1181 2382 P
1203 2329 1235 2382 et
1256 2317 1403 2383 distantia
1424 2323 1448 2384 S
1464 2319 1492 2384 P

204 2429 238 2490 in
251 2442 399 2512 promptu
414 2437 486 2490 sunt
498 2447 557 2510 per
571 2423 754 2488 methodum
769 2423 972 2490 notissimam.
997 2423 1036 2508 (⁶¹)
1060 2501 1064 2508 Ι

250 2537 412 2601 Hactenus
427 2535 467 2599 de
479 2545 569 2598 motu
591 2552 759 2618 corporum
780 2533 814 2596 in
835 2532 926 2597 lineis
948 2533 1061 2598 curvis.
1107 2533 1191 2598 Fieri
1212 2546 1317 2600 autem
1331 2547 1435 2620 potest
1455 2551 1491 2604 ut

203 2643 319 2708 mobile
334 2643 418 2706 recti
433 2640 601 2705 descendat
621 2639 672 2704 rel
693 2638 777 2704 recti
800 2637 958 2716 ascendat,
981 2651 1014 2704 et
1035 2661 1106 2726 quae
1127 2641 1168 2706 ad
1190 2642 1366 2707 istiusmodi
1386 2657 1490 2710 motus

203 2745 353 2840 spectant,
369 2773 467 2838 pergo
477 2753 543 2836 jam
559 2771 726 2834 exponere.

235 2903 268 2966 (⁶)
286 2907 341 2952 8⁸5.
361 2901 478 2962 Ellipaeoa
488 2913 559 2962 quern
571 2897 664 2959 planeta
677 2895 784 2944 describit
799 2893 830 2943 eit
862 2893 893 2942 Μ
906 2893 932 2941 H
943 2893 973 2941 eit
983 2909 1074 2956 semper
1083 2893 1161 2942 minor
1178 2895 1202 2943 0
1214 2893 1242 2942 H
1258 2893 1366 2944 distantia
1385 2897 1458 2944 centri
1473 2915 1488 2946 e

204 2979 309 3014 centrum
322 2968 354 3023 Ο,
371 2965 474 3014 umbilici
493 2965 517 3020 S,
532 2963 567 3019 H,
587 2973 611 3008 et
629 2961 741 3008 eemiaaee
760 2960 782 3007 0
798 2960 827 3014 Β,
860 2957 920 3015 ioco,
933 2956 1007 3022 dapne
1019 2957 1192 3007 PHdr'stantia
1202 2958 1248 3006 loci
1261 2959 1288 3006 H
1299 2960 1330 3007 ad
1340 2969 1454 3022 punctum
1465 2963 1488 3010 P

207 3032 230 3079 Ο
243 3032 284 3089 De
302 3032 356 3078 Sole
372 3033 397 3078 in
415 3031 433 3078 S
447 3029 523 3090 posito
537 3025 663 3074 umbilicus
677 3024 735 3070 alter
748 3025 774 3072 H
786 3023 830 3070 erit
861 3021 974 3081 ellipeeoe,
984 3022 1069 3085 exigam
1077 3021 1120 3070 erit
1129 3021 1157 3069 M
1168 3025 1190 3070 H
1200 3033 1305 3084 respectu
1315 3023 1487 3090 leniretque

205 3092 254 3142 fad
264 3104 369 3142 centrum
379 3093 449 3140 medii
460 3091 539 3140 mettio
548 3089 655 3151 planeta,
668 3089 738 3152 (87⁴2)
749 3088 773 3134 id
785 3097 828 3147 eli,
859 3086 974 3134 minimus
988 3097 1023 3134 “t
1037 3086 1140 3150 nugulli!
1160 3087 1189 3136 Μ
1203 3087 1224 3136 P
1237 3085 1264 3134 Μ
1281 3099 1386 3148 mpeclu
1404 3090 1486 3152 anguli

205 3159 226 3207 ιί
235 3172 264 3206 ex
274 3157 420 3205 umniztaaH
429 3167 512 3220 agenn
522 3155 584 3204 linea
593 3154 618 3200 H
630 3153 774 3215 1‚quaecum

205 3221 267 3270 linei
273 3223 377 3281 apsidum
387 3221 442 3278 OB,
450 3219 575 3268 conutituat
580 3217 694 3278 angulum
704 3216 772 3264 ΙΗΒ

203 3286 328 3340 anomaliae
341 3285 424 3332 medice
440 3285 560 3347 equalem,
576 3292 639 3328 recta
656 3281 697 3327 illa
710 3279 736 3326 H
750 3280 772 3338 l,

203 3349 252 3398 ferd
262 3349 366 3398 transibit
376 3364 417 3410 per
428 3349 504 3396 locrun
515 3347 614 3408 planete
624 3345 649 3392 in
658 3343 731 3394 orbiti
738 3344 772 3391 el-

203 3413 282 3475 lipare
292 3427 375 3474 panim
383 3411 511 3460 excentrieri
519 3409 664 3464 revolventis,
672 3417 773 3456 maneat

201 3487 281 3527 auum
294 3478 320 3524 H
335 3477 361 3532 P,
374 3491 415 3536 per
425 3478 501 3524 lotum
513 3489 593 3522 rernm
604 3473 704 3532 planetu
717 3474 773 3521 Pet

201 3537 772 3668 stuttl’ttrlutlrntrtdl:

201 3679 306 3732 aquatus
316 3670 337 3716 Β
346 3667 372 3715 H
384 3668 404 3715 P
412 3670 530 3724 habeatur,
542 3677 566 3714 et
575 3664 678 3728 angulus
689 3667 711 3716 P
720 3667 746 3714 H
757 3665 770 3713 1

201 3730 587 3857 Perlfflllffllilil'
595 3731 772 3854 mlii

202 3859 339 3916 Newmnua,
351 3872 451 3921 qrrarum
462 3871 534 3905 unam
543 3857 644 3918 primam
659 3860 771 3920 equatio-
785 3896 789 3907 .

202 3937 257 3970 nern
267 3935 290 3970 et
300 3924 397 3970 alteram
413 3920 539 3968 secundm
556 3922 711 3984 aquationem
730 3938 771 3970 vo·

201 3997 254 4044 oat;
271 3986 410 4034 determinat
420 3984 525 4048 singulas
535 3985 560 4030 in
577 3986 605 4032 iis
621 3987 715 4047 punctis
730 3987 772 4035 ubi

200 4051 312 4162 ιιῖιιξίωέ
319 4059 380 4162 apim,
398 4059 422 4124 et
439 4049 552 4162 musaeus
568 4051 773 4164 maassffi.

219 4127 271 4162 onte
354 4129 394 4162 um
404 4129 430 4160 nr
505 4127 588 4176 quoru
602 4128 618 4174 p
760 4143 771 4156 -

203 4177 304 4226 aendm
314 4179 408 4226 indicat.

235 4241 396 4292 Procedente·
420 4241 544 4290 rumbodoe
564 4241 709 4292 illustramini
730 4243 772 4294 de·

201 4307 405 4354 mundanum
415 4315 439 4354 et
449 4307 561 4366 exemplis
570 4307 673 4356 Keilliua
681 4309 772 4358 etGre-
877 4349 882 4360 .

201 4369 289 4434 garine,
300 4371 360 4416 banc
376 4385 424 4417 non
439 4371 519 4418 minua
538 4371 680 4433 ingeniosam
700 4373 773 4424 inlac-

201 4443 249 4482 nm
257 4433 407 4496 maneum,
416 4435 518 4496 vestigiis
526 4435 636 4482 Neuroni
647 4437 749 4484 ianuae
757 4453 826 4487 cooa-
858 4439 1021 4497 PMH,illum
1029 4436 1391 4502 iuquenegligitethnnceolum
1398 4435 1478 4486 PMH

200 4498 286 4554 bimur,
305 4507 330 4544 et
349 4499 438 4557 aperire
458 4499 543 4561 quibua
561 4499 721 4548 tentamenti·
739 4502 828 4552 nitatur
855 4515 883 4552 ut
894 4505 1047 4568 aquationem
1059 4511 1130 4550 totam
1141 4501 1270 4549 consideret
1281 4501 1419 4552 Newtonua.

200 4561 250 4608 bac
260 4561 435 4622 approximatio.
889 4569 969 4616 Ducto
981 4565 1035 4615 verti
1045 4576 1072 4613 ut
1082 4565 1188 4626 superius
1198 4567 1329 4625 expositum
1341 4575 1381 4612 est
1393 4563 1481 4612 circulo

231 4629 286 4672 ³86.
306 4623 452 4672 Producatur
470 4625 484 4674 l
500 4625 525 4674 H
542 4627 568 4674 in
581 4629 609 4676 Μ
628 4627 702 4677 eloneo
720 4641 825 4680 occurrat
857 4633 880 4680 Β
894 4633 953 4688 QN
967 4633 989 4680 A
1001 4645 1070 4692 super
1081 4643 1194 4692 magnum
1205 4644 1273 4676 exem
1289 4629 1396 4690 ellipaeoe
1413 4631 1436 4676 A
1450 4629 1481 4686 B,

199 4685 365 4760 perpendiculo
378 4689 401 4736 0
416 4690 452 4746 Μ,
471 4693 611 4740 acentroO
630 4693 656 4740 in
674 4694 748 4752 lpum
771 4697 779 4742 l
796 4697 823 4744 Η
855 4705 879 4744 et
889 4711 917 4744 ex
932 4695 1016 4743 Ploco
1026 4695 1125 4754 planeto
1135 4691 1206 4740 ducti
1223 4693 1244 4741 P
1258 4693 1281 4740 lt
1296 4691 1483 4754 perpendiculari

200 4751 300 4798 demuto
307 4753 467 4814 jungaturque
481 4755 507 4800 Μ
522 4753 550 4812 P,
567 4756 611 4802 erit
621 4759 724 4820 angulus
736 4759 758 4806 P
770 4759 796 4806 H
813 4761 824 4806 l
856 4761 883 4806 in
904 4775 958 4806 eum
977 4773 1090 4820 magnum
1109 4771 1178 4804 exem
1195 4755 1268 4820 eique
1289 4756 1310 4803 P
1326 4756 1350 4803 ll
1369 4756 1482 4816 producti

200 4813 297 4876 aqualia
307 4815 401 4888 angulis
414 4815 435 4862 P
447 4817 476 4863 M
490 4817 516 4863 H
528 4827 552 4864 et
562 4819 589 4866 Μ
603 4819 672 4878 ΡΜ;
686 4837 785 4884 quorum
794 4822 825 4868 si·
857 4821 933 4868 donec
951 4831 1011 4868 aocet
1029 4820 1144 4868 circulum
1165 4821 1185 4868 Β
1199 4821 1258 4876 QN
1272 4820 1295 4866 Δ
1315 4819 1341 4866 in
1353 4821 1393 4878 Q,
1410 4818 1482 4867 duee·

199 4885 246 4926 nuo
256 4885 324 4926 munt
334 4889 395 4927 mter
405 4895 430 4927 se
440 4880 500 4930 siem
515 4881 569 4929 PH
581 4881 612 4930 ed
623 4883 652 4931 Μ
664 4884 689 4931 H
700 4903 708 4944 ς
725 4885 826 4934 adeum
858 4895 896 4932 tur
905 4885 928 4932 'l'
941 4887 966 4940 Q
978 4883 1175 4947 perpendicularis
1190 4884 1216 4932 iu
1233 4887 1257 4934 0
1269 4884 1298 4933 Μ
1315 4881 1425 4948 (ideoqae
1438 4895 1482 4946 pe·
