3580 5866
315 489 390 554 xviii
851 494 1078 564 EDITORIS

314 666 443 732 tandem
458 666 639 746 edocemur,
663 667 724 756 qni
741 667 890 736 nimirrim
907 669 977 760 lege
992 672 1039 736 ris
1057 671 1216 760 grentatis
1240 671 1402 740 decrescat
1423 673 1457 738 in
1474 675 1603 760 majori·

312 774 372 839 bus
383 798 403 840 a
413 776 526 842 tellure
542 777 707 847 distantiis.
756 779 840 844 Nam
855 775 927 844 crim
942 782 1078 870 gravitas
1089 803 1153 846 non
1168 782 1290 848 diversa
1304 784 1345 848 sit
1356 807 1375 858 a
1385 783 1417 848 vi
1431 776 1604 870 centripete

313 882 424 962 lunari,
448 885 517 948 haec
532 885 607 952 verb
622 886 663 952 sit
680 887 839 973 reciproce
853 887 1096 974 proportionalis
1105 889 1256 976 quadrato
1269 891 1445 969 distentioe3
1468 891 1603 956 diminu-

312 1005 382 1056 etur
395 1003 429 1056 et
441 993 577 1080 gravitas
592 993 625 1056 in
640 993 748 1058 endem
766 995 896 1060 ratione.

320 1159 323 1165 .
356 1103 602 1190 Progrediamur
621 1105 687 1189 jem
710 1105 752 1170 ed
777 1104 918 1190 planetas
937 1107 1084 1194 reliquos.
1131 1108 1290 1185 Quoniam
1314 1109 1523 1176 revolutiones
1537 1109 1603 1194 pri·

309 1212 482 1276 meriorum
504 1213 589 1276 circe
613 1211 712 1278 solem
727 1227 759 1278 et
786 1214 1041 1279 secundariorum
1066 1214 1149 1280 circe
1162 1216 1270 1300 jovem
1293 1228 1326 1280 et
1347 1197 1510 1282 setnmuni
1529 1225 1604 1282 suut

309 1319 520 1404 phaenomena
548 1321 673 1408 generis
702 1319 893 1406 ejusdemne
921 1321 1074 1387 revolutio
1096 1321 1180 1388 lunae
1194 1323 1278 1389 circe
1305 1335 1431 1403 terrem,
1453 1324 1603 1412 quonium

308 1427 405 1514 porrb
420 1429 669 1496 demonstratum
690 1442 739 1494 est
753 1430 835 1498 vires
850 1431 1038 1516 centripetas
1051 1431 1274 1517 primariorum
1288 1432 1382 1522 dirigi
1396 1433 1503 1499 versus
1528 1455 1603 1499 cen·

307 1551 391 1604 trum
407 1537 491 1616 solis,
515 1537 772 1606 secundariorum
796 1538 904 1606 versis
918 1552 1027 1606 centra
1034 1541 1117 1628 jovis
1139 1555 1172 1607 et
1185 1543 1314 1622 saturni,
1337 1545 1603 1630 quemadmodum

306 1645 394 1712 lunae
416 1646 463 1710 vis
491 1648 666 1738 ¹centripetn
693 1647 802 1714 versis
830 1662 924 1715 terrae
953 1662 1096 1716 centrum
1124 1651 1288 1741 dirigitur3
1310 1651 1430 1732 edhaec,
1454 1645 1604 1741 quoniam

308 1753 498 1842 omnesillae
512 1755 593 1820 vires
609 1768 683 1821 sunt
695 1756 855 1843 reciproce
870 1769 905 1822 ut
920 1758 1073 1844 quadrata
1087 1759 1304 1826 distantiarum
1319 1782 1339 1824 a
1352 1761 1477 1839 centris,
1493 1783 1604 1847 quem-

306 1864 479 1932 admodum
502 1867 548 1932 vis
575 1867 659 1932 lunre
673 1879 722 1933 est
741 1880 777 1932 ut
800 1867 987 1954 quadratum
1011 1868 1167 1935 distentioe
1184 1892 1205 1934 a
1227 1882 1328 1936 terre:
1351 1869 1604 1952 concludendum

305 1977 507 2048 eritenndem
522 2001 591 2045 esse
616 1991 762 2044 naturam
776 1979 938 2045 universis.
983 1979 1095 2064 Imque
1121 1992 1156 2044 ut
1184 1978 1260 2044 lune
1271 1978 1407 2066 graviter
1419 1979 1452 2042 in
1473 1997 1601 2056 terram,

305 2099 338 2151 et
348 2100 432 2154 terre
445 2091 581 2156 vicissim
596 2093 629 2158 in
644 2093 816 2171 lunem3
792 2115 837 2158 stc
850 2094 945 2160 etium
959 2090 1160 2180 gravitebunt
1173 2112 1283 2156 omnes
1298 2083 1498 2154 secunderii'
1488 2112 1522 2154 m
1535 2089 1603 2175 pri·

305 2197 422 2262 marios
434 2221 516 2278 suos,
540 2211 572 2265 et
585 2201 726 2286 primarii
740 2201 876 2266 vicissim
886 2201 919 2265 in
934 2197 1199 2276 secundarios3
1175 2219 1219 2264 uc
1234 2209 1267 2264 et
1280 2218 1388 2262 ornnes
1402 2196 1543 2281 primarii
1568 2196 1604 2260 in

308 2303 417 2383 solem,
440 2319 473 2372 et
487 2307 578 2372 sol
550 2309 685 2373 vicissim
700 2310 734 2398 in
747 2310 923 2394 primarios.

353 2412 456 2500 Igitur
470 2416 518 2480 sol
541 2417 575 2480 in
589 2389 731 2502 planetes
745 2419 908 2484 universos
929 2419 1064 2506 gravitet
1088 2430 1121 2482 et
1145 2417 1282 2482 universi
1307 2417 1341 2480 in
1363 2417 1472 2482 solem.
1517 2415 1602 2480 Nem

304 2519 482 2586 secundarii
507 2523 584 2587 dum
609 2525 774 2610 primarios
800 2547 873 2590 suos
899 2522 1326 2602 comitentur31evolvrmtur
1351 2520 1471 2588 intereti
1484 2517 1603 2602 circum

259 2661 265 2668 ·
304 2615 404 2696 solem
418 2631 569 2698 unicum
586 2635 752 2719 primariis.
800 2633 923 2701 Eodem
947 2633 1053 2718 imque
1072 2645 1269 2720 argumento,
1296 2633 1458 2717 utriusque
1479 2629 1603 2717 generis

303 2735 439 2858 plenetae
453 2739 610 2824 gravitant
624 2739 657 2801 in
673 2739 792 2815 solem,x
806 2749 838 2802 et
859 2739 909 2802 sol
933 2739 967 2801 in
987 2739 1082 2824 ipsos.
1129 2738 1337 2804 Secunderios
1361 2735 1436 2802 verb
1461 2736 1602 2820 planetae

303 2843 338 2906 in
353 2842 449 2908 solem
465 2844 621 2932 grnritnre
635 2843 785 2909 abunde
775 2865 904 2929 insuper
923 2855 1046 2913 constet
1067 2865 1108 2909 ex
1132 2844 1395 2931 inaequnlitntibus
1420 2843 1601 2920 lunaribus3

304 2976 441 3040 quarum
466 2951 728 3018 accuratissimam
751 2953 915 3031 theoriam,
940 2952 1124 3018 admirande
1149 2953 1316 3040 sagacitate
1340 2951 1577 3076 petesnctnm,'
1568 2973 1603 3016 ιιι

303 3061 399 3126 tertio
412 3061 506 3149 hujus
521 3063 625 3148 operia
640 3061 722 3126 libro
743 3061 918 3148 expositam
933 3059 1095 3126 hebemus.
1308 3121 1310 3126 ,

348 3169 432 3235 Solis
448 3170 594 3235 virtutem
613 3171 807 3236 attractivem
823 3192 1077 3257 quoquoversum
1091 3191 1259 3258 propegeu
1249 3169 1347 3235 ''ed
1338 3181 1482 3258 lugentes
1502 3187 1601 3254 usqne

304 3277 476 3356 distantias,
500 3289 532 3342 et
547 3299 615 3342 sese
630 3277 806 3342 diffundere
817 3277 862 3342 ad
887 3277 1025 3364 singulas
1051 3276 1242 3363 circumjecti
1256 3275 1348 3360 spatii
1370 3289 1486 3360 partes,
1509 3296 1601 3360 sper·

304 3385 421 3451 tissime
437 3385 543 3474 colligi
568 3399 673 3472 potest
696 3409 737 3452 ex
760 3399 848 3452 motu
864 3399 1077 3462 cometarum3
1101 3386 1155 3472 qui
1177 3385 1216 3450 ab
1241 3384 1401 3450 immensis
1429 3381 1600 3448 intervallis

303 3497 436 3582 profecti
452 3497 596 3563 seruntru
610 3497 643 3561 in
664 3497 810 3562 viciniam
824 3497 907 3574 solis,
923 3510 956 3561 et
970 3517 1197 3581 nonnunquam
1218 3492 1297 3558 edeb
1315 3492 1474 3577 adipsum
1488 3491 1599 3575 proxi-

304 3608 355 3672 me
381 3609 533 3674 accedunt
555 3621 590 3674 ut
612 3594 743 3698 globum
768 3609 846 3694 ejuS,
869 3608 902 3670 in
927 3605 1085 3690 periheliis
1109 3604 1171 3668 suis
1197 3614 1364 3679 versantes,
1387 3598 1521 3682 tentum
1534 3621 1601 3664 non

306 3719 488 3810 contingere
503 3720 676 3786 videantur.
723 3719 852 3784 Horum
878 3718 1032 3784 theoriam
1055 3718 1095 3781 ab
1120 3716 1305 3782 astronomis
1323 3714 1456 3780 antehac
1483 3713 1602 3778 frusnt

305 3827 478 3914 quaesitam,
501 3840 611 3892 nostro
625 3827 751 3892 tandem
767 3825 883 3890 saeculo
908 3824 1039 3890 faciliter
1060 3823 1218 3888 inventam
1233 3835 1266 3888 et
1286 3845 1342 3908 per
1365 3822 1599 3888 observationes

305 3935 473 4000 certissime
488 3936 742 4013 demonstratam,
764 3933 1021 4019 praesmntissimo
1044 3945 1154 3998 nostro
1176 3931 1296 3996 auctori
1321 3931 1482 3996 debemur.
1506 3931 1599 3996 Patet

305 4043 401 4131 igitur
415 4058 551 4110 cometes
566 4043 599 4107 in
613 4043 802 4108 sectionibus
828 4041 944 4107 conicis
960 4040 1123 4106 umbilicos
1152 4040 1186 4104 in
1200 4052 1309 4104 centro
1324 4039 1399 4119 solis
1410 4039 1597 4105 habentibus

266 4223 269 4228 ¹
305 4152 433 4229 moveri,
457 4162 489 4218 et
514 4150 608 4216 radiis
633 4150 675 4215 ed
697 4149 795 4214 solem
820 4150 921 4213 ductis
943 4171 1031 4232 areas
1054 4147 1247 4233 temporibus
1270 4147 1520 4234 proportionales
1541 4148 1598 4214 de·

306 4261 452 4326 scribere.
483 4260 535 4324 Ex
549 4259 635 4324 hisce
646 4259 721 4324 verb
735 4258 950 4344 phaenomeuis
965 4255 1160 4322 menifestum
1176 4268 1224 4321 est
1234 4268 1267 4321 et
1279 4255 1496 4322 mathematici
1511 4279 1597 4324 corn·

306 4366 466 4448 probatur,
490 4367 570 4432 vires
585 4367 664 4444 illas,
688 4364 800 4454 quibus
815 4377 947 4430 cometae
970 4365 1144 4430 retinentur
1157 4364 1191 4428 in
1217 4364 1326 4430 orbitis
1346 4364 1419 4443 suis,
1442 4366 1595 4449 respicere

307 4471 403 4536 solem
418 4485 450 4537 et
464 4496 532 4539 esse
546 4473 705 4560 reciproce
721 4486 756 4538 ut
770 4473 922 4560 quadrata
936 4473 1153 4538 distantiarum
1162 4473 1203 4538 ab
1217 4473 1313 4558 ipsius
1327 4487 1443 4538 centro.
1482 4473 1596 4538 Greri·

308 4593 375 4646 tant
389 4582 493 4670 itaque
508 4597 637 4650 cometae
652 4585 685 4648 in
700 4583 815 4650 solem:
839 4595 932 4670 atque
955 4583 1035 4648 oded
1050 4583 1122 4650 solis
1137 4583 1183 4648 ris
1205 4572 1366 4650 et'tractivn
1386 4603 1450 4648 non
1474 4581 1597 4650 tantum

307 4690 348 4756 ad
363 4714 496 4778 corpora
508 4691 705 4778 planetarum
719 4695 753 4758 in
762 4693 842 4758 detis
858 4693 1011 4760 dismntiis
1022 4707 1053 4760 et
1076 4694 1235 4784 ineodem
1249 4695 1313 4762 ferd
1326 4696 1422 4780 pleno
1433 4693 1594 4775 collocata,
