3580 5866
315 521 355 578 14
437 497 441 507 Χ
586 509 926 584 PH1L080PH1AE
945 507 1229 590 ΙΝΑΤΠΒΑΜΒ,
1251 509 1310 578 &a
1419 511 1595 590 [Derrurr.

307 722 387 786 pora
411 700 514 785 aliqua
537 699 708 788 longinqua
733 699 838 763 datam
860 699 941 762 inter
966 719 999 760 se
1019 697 1203 782 positionem
1224 698 1385 775 servantis,
1408 697 1512 784 qualia
1526 709 1598 763 sunt

310 805 414 873 Stellae
430 807 520 870 Fixae
533 809 568 870 in
582 807 760 894 regionibus
778 805 938 870 Coelorum
953 805 1017 890 (¹),
1041 805 1112 868 sciri
1133 804 1257 892 quidem
1282 825 1346 868 non
1367 814 1471 888 posset
1492 825 1532 868 ex
1547 827 1597 868 re-

306 913 399 977 lativa
423 913 589 1000 globorum
613 913 814 977 translatione
835 912 1079 994 inter·oorpora‚
1103 921 1208 974 utrum
1222 910 1270 974 his
1284 932 1325 974 an
1339 911 1399 974 illis
1413 910 1596 974 tribuendus

306 1032 383 1084 esset
397 1031 508 1086 motus.
553 1021 598 1085 At
612 1020 637 1082 si
654 1017 864 1082 attenderetur
885 1017 926 1080 sd
946 1017 1043 1094 filum,
1067 1028 1099 1080 et
1120 1016 1403 1101 deprehenderetur
1423 1017 1596 1081 tensionem

305 1128 369 1212 ejus
384 1125 469 1190 illam
483 1128 581 1212 ipsam
596 1147 660 1190 esse
675 1145 769 1211 quam
782 1134 885 1187 motus
905 1121 1074 1216 glolrorum
1088 1123 1267 1210 requireret,
1291 1121 1475 1188 concludere
1489 1121 1597 1188 Haeret

306 1245 426 1298 motum
440 1253 508 1298 esse
521 1232 696 1320 globorum,
720 1243 751 1295 et
765 1251 897 1314 corpora
911 1230 1080 1316 quiescere3
1103 1240 1135 1292 et
1156 1241 1223 1296 tum
1244 1229 1371 1294 demum
1386 1251 1426 1293 ex
1440 1229 1595 1294 amalan-

304 1361 364 1404 one
392 1340 557 1429 globorum
582 1340 663 1402 inter
691 1359 832 1422 corpora,
855 1338 1144 1404 determinationem
1172 1337 1263 1422 lruJus
1299 1349 1402 1402 motus
1438 1337 1592 1425 colligere.

304 1445 413 1511 Motus
427 1457 530 1510 autem
543 1467 635 1510 veros
649 1467 690 1508 ex
711 1466 822 1509 eorum
844 1445 952 1522 ceusu,
975 1443 1145 1521 effectibus,
1165 1453 1196 1506 et
1209 1445 1429 1528 apparentibus
1449 1443 1593 1510 differen-

304 1553 352 1615 tiis
367 1552 521 1640 colligere,
544 1564 576 1616 et
590 1563 698 1617 ronna
712 1573 754 1616 ex
775 1551 910 1620 motibus
931 1573 985 1618 seu
999 1551 1079 1618 veris
1093 1573 1147 1614 seu
1161 1551 1381 1636 apparentibus
1396 1573 1505 1616 eorum
1519 1575 1593 1616 cau-

303 1681 350 1731 sas
373 1670 405 1722 et
427 1657 561 1737 effectus,
584 1658 749 1724 docebitur
772 1657 868 1722 saun
891 1658 924 1722 in
948 1657 1153 1746 sequentibus.
1199 1657 1298 1726 Hunc
1323 1656 1406 1722 enim
1434 1657 1468 1722 iu
1496 1659 1592 1726 finem

304 1764 487 1831 Tractatum
500 1776 679 1854 sequentem
691 1764 863 1852 composui.
1418 1777 1420 1782 ’

302 1967 415 2016 connum,
432 1959 509 2015 idest,
526 1959 711 2022 drcapunctum
722 1959 930 2024 equilibriirevol-
961 1960 1051 2010 tissime
1071 1961 1200 2009 illustrans
1223 1961 1331 2022 exemplo
1342 1961 1421 2014 ‚nans
1447 1961 1591 2024 aequabiliter

298 2023 409 2076 rentium,
421 2023 574 2070 innotesceret
584 2038 613 2072 ex
627 2023 695 2072 aucti
711 2023 747 2070 vel
763 2023 880 2072 diminuti
895 2023 930 2070 nti
961 2034 1038 2080 mota,
1056 2026 1124 2088 eujus
1140 2035 1226 2080 motrrs,
1242 2027 1272 2072 ab
1289 2025 1318 2072 iis
1334 2025 1375 2086 qui
1394 2025 1447 2072 neri
1464 2027 1588 2084 vehuntur,

301 2083 405 2135 musione
436 2097 590 2151 augmentum
616 2087 654 2136 vel
679 2087 853 2136 decrementum
879 2103 930 2134 mo·
962 2089 1035 2136 oeulis
1046 2105 1094 2136 non
1109 2089 1241 2150 percipitur,
1259 2088 1318 2136 dum
1333 2088 1410 2136 littora
1425 2091 1539 2152 urbesque
1549 2091 1590 2138 fc-
1612 2101 1621 2118 ·

301 2149 346 2206 rus
363 2152 406 2199 &a
961 2147 1025 2214 gere'
1038 2153 1153 2200 ridentur.
1198 2153 1237 2200 Ex
1258 2153 1345 2213 optices
1365 2153 1484 2213 principiis
1505 2155 1591 2200 horum

333 2214 365 2278 (Υ)
382 2220 420 2264 23.
441 2216 559 2276 Spectator
574 2215 599 2263 in
609 2215 680 2280 globo
690 2225 762 2272 moto,
777 2215 815 2264 rel
825 2215 895 2263 etiam
905 2215 930 2262 in
962 2218 1134 2276 phenomenu'n
1145 2216 1245 2276 petenda
1255 2227 1291 2264 est
1300 2217 1370 2275 ratim
1381 2231 1409 2262 ea
1419 2218 1483 2264 enim
1493 2233 1590 2278 corpora

300 2279 365 2326 stellri
376 2279 422 2326 nrt
432 2281 527 2340 positus,
544 2280 594 2328 solo
604 2280 726 2330 oculorum
736 2280 889 2336 auxiliamen
899 2295 928 2328 ex
960 2279 1077 2343 quiescere
1094 2280 1203 2328 videntur
1219 2296 1279 2343 qnoe,
1297 2280 1356 2326 dum
1374 2295 1416 2326 nos
1434 2281 1479 2340 ipsi
1497 2281 1589 2329 nullam

299 2343 400 2390 motibus
411 2345 574 2403 apparentibus
588 2344 716 2392 discernere
731 2357 780 2390 non
795 2353 878 2404 ponet,
897 2358 928 2390 nn
960 2344 1075 2390 actualem
1093 2343 1238 2390 voluntatem
1254 2349 1346 2390 nosmet
1366 2343 1475 2391 morendi
1496 2360 1589 2392 exerce·

299 2405 391 2467 globus,
402 2422 433 2453 sn
441 2405 566 2454 stellareri
576 2417 717 2466 morardum
729 2405 929 2468 quemadmodum
960 2421 1020 2460 mus,
1032 2406 1131 2454 eandem
1141 2406 1318 2468 respectuoculi
1329 2405 1468 2466 positionem
1479 2415 1588 2456 consun-

299 2469 388 2518 telluris
403 2471 486 2518 incolae
497 2485 525 2516 ex
536 2471 655 2532 apparenti
671 2470 792 2517 stellarum
806 2479 873 2518 motu
884 2469 924 2517 de·
957 2477 993 2516 ter
1003 2481 1101 2526 servant,
1119 2471 1152 2518 ita
1169 2480 1198 2518 ut
1216 2485 1298 2518 eorum
1315 2471 1393 2531 irnagc
1408 2485 1462 2532 qun
1477 2471 1503 2518 in
1514 2471 1589 2519 l'undo

297 2535 421 2581 terminare
437 2549 484 2582 non
501 2548 603 2594 possunt,
620 2550 651 2582 an
666 2533 740 2584 stelin
755 2532 807 2580 rere
816 2547 926 2581 movean-
957 2533 1020 2580 omli
1038 2534 1149 2596 pingitur,
1173 2533 1270 2581 eandem
1288 2549 1379 2595 semper
1397 2535 1477 2582 retiner
1497 2545 1588 2594 partem

298 2605 348 2656 tur;
368 2599 415 2644 sire
432 2597 496 2644 enirn
512 2613 568 2646 eum
583 2599 645 2648 tant
659 2613 802 2652 moveamur,
820 2607 843 2644 et
854 2595 926 2645 stella
957 2607 1064 2658 occupet:
1083 2613 1111 2645 es
1128 2595 1183 2646 verd
1199 2599 1289 2662 objecta
1304 2597 1392 2644 moveri
1409 2597 1517 2646 videntur
1534 2615 1588 2662 qun
1629 2617 1633 2624 ·

297 2661 417 2723 quiescant
426 2660 536 2714 absolute,
549 2661 597 2708 sive
608 2677 621 2707 e
631 2659 712 2708 canui
722 2670 859 2708 moveantur
868 2660 923 2708 stel-
951 2669 1059 2721 'respectu
1070 2661 1133 2708 oculi
1144 2663 1215 2709 situm
1226 2677 1296 2708 suum
1306 2659 1418 2708 eontinud
1429 2671 1527 2718 mutant,
1543 2679 1585 2712 seu

297 2723 327 2770 ln
337 2734 361 2770 et
371 2733 431 2770 terra
441 2723 550 2784 quiescat,
567 2723 655 2771 endem
669 2725 766 2772 omnino
781 2733 837 2770 sunt
852 2737 922 2783 appa-
953 2739 1054 2786 quorum
1070 2725 1183 2786 imagines
1198 2723 1298 2776 ditarem
1313 2725 1393 2774 retine
1408 2735 1484 2789 partes
1494 2741 1585 2778 saccea

298 2787 384 2844 mse,
400 2786 472 2836 iidem
482 2795 560 2836 moun
574 2785 674 2848 relatiri5
690 2786 754 2848 quod
769 2786 864 2852 quidem
879 2801 922 2835 no-
953 2785 1002 2836 sir&
1016 2797 1137 2848 occupem.
