3580 5866
717 447 958 520 AUCTORIS
1435 467 1469 528 xi

165 615 323 684 referam
371 619 461 696 Quo
478 641 578 688 sensu
591 623 771 689 mechanica
782 625 940 689 rationalis
955 625 1015 690 erit
1034 627 1162 692 scientia
1182 639 1335 708 monium,
1359 633 1412 716 qut
1434 649 1475 696 ex

165 725 277 790 uiribus
291 725 556 816 quibuscunque
569 729 728 808 resultant,
744 743 776 795 et
790 731 902 796 virium
924 753 995 820 quae
1016 733 1058 797 ad
1078 745 1182 799 manu
1204 759 1407 825 quoscunque
1425 759 1476 802 re-

166 832 340 920 quitantur,
364 835 530 902 accurate
548 837 710 924 proposita
729 862 766 904 ac
787 839 1007 906 demonstrata.
1054 843 1132 908 Pars
1153 845 1224 909 hoec
1244 847 1436 912 mechanica
1456 871 1476 912 a

164 940 317 1005 veteribus
332 941 370 1005 in
384 945 549 1028 potentiis
563 945 701 1032 quinque
715 945 756 1010 ad
770 959 853 1013 artes
866 949 1027 1013 manuales
1039 947 1252 1035 spectantibus
1264 955 1390 1019 exculta
1403 953 1474 1032 fuit,

166 1047 219 1134 qui
231 1049 430 1136 gravitatem
447 1057 540 1137 (cum
554 1053 694 1138 potentia
706 1055 859 1120 manualis
874 1077 939 1120 non
953 1057 1005 1137 sit)
1025 1057 1080 1122 vix
1093 1059 1184 1124 aliter
1198 1083 1292 1147 quam
1307 1062 1340 1126 in
1354 1063 1475 1146 ponde-

166 1157 251 1222 ribus
264 1181 333 1244 per-
339 1161 515 1246 potentias
528 1159 597 1225 illas
611 1161 774 1227 movendis
788 1164 1035 1230 considerarunt.
1082 1167 1149 1232 Nos
1164 1180 1269 1234 autem
1279 1190 1344 1232 non
1355 1170 1475 1234 artibus

165 1265 222 1332 sed
235 1267 463 1354 philosophiae
479 1269 686 1348 consulentes,
702 1270 805 1358 deque
818 1273 965 1358 potentiis
979 1295 1045 1338 non
1058 1276 1256 1340 manualibus
1271 1276 1327 1340 sed
1348 1289 1475 1342 natina-

165 1375 246 1441 bbus
262 1373 515 1474 scribentes'ea
528 1379 665 1446 maxime
679 1393 857 1460 tractamus,
874 1404 945 1470 qua·
960 1383 1002 1448 ad
1015 1385 1210 1472 gravitatem,
1226 1387 1393 1465 levitatem,
1410 1389 1475 1452 vim

164 1485 345 1566 clasticam
360 1489 575 1554 resistentiam
588 1489 758 1555 fluidorum
772 1503 805 1556 et
818 1493 971 1577 ejusmodi
984 1494 1066 1557 vires
1081 1517 1136 1558 seu
1151 1497 1328 1561 attractivas
1343 1520 1399 1561 seu
1415 1499 1474 1561 im·
1560 1561 1561 1566 ,

167 1596 310 1678 pulsivas
325 1611 496 1684 mactant:
519 1613 551 1664 et
565 1600 602 1665 esi
616 1613 755 1686 propter,
770 1599 841 1665 hee
861 1613 970 1668 nostra
990 1615 1139 1698 tanquam
1160 1603 1368 1690 philosophie
1390 1607 1474 1690 prin·
1522 1659 1532 1676 ,

170 1704 254 1788 cipis
265 1705 499 1773 mathematica
512 1705 726 1794 proponimus.
765 1707 977 1774 Omnis'enim
990 1709 1198 1796 philosophiae
1213 1712 1377 1777 difficultas
1392 1714 1425 1776 in
1436 1737 1475 1780 eo

169 1813 289 1874 versari
303 1813 447 1892 videtin,
464 1827 501 1879 ut
514 1838 534 1879 a
547 1814 763 1901 phoenomenis
777 1827 920 1880 motuum
935 1817 1155 1906 investigemus
1170 1819 1252 1884 vires
1266 1830 1397 1897 naturoe,
1418 1819 1474 1885 de·

29 1929 30 1932 ’
169 1916 246 1982 inde
260 1918 303 1983 ab
317 1919 372 1984 his
387 1921 509 1986 viribus
523 1920 772 2002 demonstremus
784 1921 994 2009 phaenomena
1008 1924 1136 2011 reliqua.
1183 1925 1227 1989 Et
1246 1924 1310 1989 huc
1331 1937 1475 2012 spectant

169 2029 413 2114 propositiones
427 2031 599 2120 generales,
615 2053 693 2118 quas
707 2031 790 2096 libro
803 2032 907 2118 primo
922 2044 954 2096 et
968 2032 1107 2097 secundo
1121 2034 1388 2116 pertractavimus.
1434 2034 1475 2101 ln

170 2131 256 2198 bbro
278 2147 391 2202 autem
416 2137 510 2202 tertio
531 2136 711 2221 exemplum
731 2137 825 2224 hujus
847 2138 893 2204 rei
914 2136 1134 2223 proposuimus
1155 2160 1213 2222 per
1234 2139 1473 2224 explicationem

172 2245 358 2327 systematis
372 2245 533 2310 mundani.
578 2243 628 2311 Ibi
644 2246 737 2324 enim,
754 2269 795 2310 ex
807 2245 1023 2332 phoenomenis
1043 2245 1229 2323 coelestibus,
1251 2270 1310 2332 per
1330 2248 1474 2332 proposi-

173 2349 280 2415 tiones
295 2351 335 2416 in
346 2353 436 2417 bbris
449 2352 605 2436 prioribus
620 2351 838 2417 mathematice
852 2353 1090 2427 demonstratas,
1111 2352 1292 2416 derivantur
1306 2352 1387 2416 vires
1401 2375 1474 2439 gra·

176 2457 300 2535 vitatis,
317 2461 431 2546 quibus
446 2482 574 2545 corpora
588 2459 630 2524 ad
643 2459 742 2536 solem
756 2471 789 2524 et
801 2459 942 2544 planetas
957 2457 1096 2545 singulos
1110 2456 1253 2520 tendunt.
1290 2455 1419 2520 Deinde
1433 2479 1474 2522 cx

178 2563 230 2628 bis
247 2567 371 2632 viribus
381 2589 442 2653 per
452 2568 679 2653 propositiones
693 2567 788 2632 etiam
802 2565 1045 2642 mathematicas,
1061 2561 1260 2628 deducuntur
1281 2575 1385 2628 motus
1405 2563 1474 2650 pla·

175 2683 335 2753 netanrm,
352 2688 554 2752 cometarum,
569 2675 655 2739 lunae
668 2687 701 2739 et
714 2675 819 2738 maris.
865 2673 996 2740 Utinam
1010 2687 1124 2737 caetera
1134 2683 1255 2736 naturae
1265 2671 1475 2756 phoenomena

176 2801 218 2842 ex
243 2781 407 2867 principiis
433 2781 622 2847 mechanicis
646 2780 758 2845 eodem
784 2779 1024 2870 argumentandi
1048 2800 1164 2867 genere
1189 2777 1331 2844 derivare
1355 2779 1472 2846 liceret.

178 2869 266 2954 Nam
280 2891 382 2957 multa
394 2915 445 2956 me
458 2903 597 2969 movent,
620 2901 656 2954 ut
669 2889 813 2954 nonnihil
826 2888 964 2974 suspicer
972 2897 1017 2954 'ea
1031 2888 1137 2952 omnia
1151 2910 1191 2952 ex
1204 2887 1323 2952 viribus
1344 2891 1473 2977 quibus-

176 2998 253 3063 dam
266 2999 407 3086 pendere
421 3023 523 3086 posse,
540 3000 653 3088 quibus
668 3018 835 3084 corporum
847 2997 1008 3084 particulae
1026 3019 1085 3083 per
1105 3019 1214 3062 causas
1235 2997 1377 3063 nondum
1399 3021 1474 3088 ocg-

176 3107 262 3172 nitas
274 3110 329 3174 vel
341 3111 375 3174 in
389 3133 423 3174 se
437 3110 548 3175 mutub
563 3109 766 3197 impelluntur
781 3122 812 3174 et
823 3107 995 3175 secundum
1006 3107 1123 3195 figuras
1132 3108 1290 3196 regulares
1301 3107 1471 3184 oobaerent,

177 3215 230 3280 vel
245 3217 289 3282 ab
303 3218 436 3282 invicem
454 3217 604 3306 lirgantru·
626 3230 658 3282 et
678 3217 847 3282 recedunt:
871 3214 983 3302 quibus
1004 3215 1121 3278 viribus
1143 3215 1268 3302 ignotis,
1292 3214 1472 3302 philosophi

176 3323 332 3390 hactenns
345 3339 489 3390 mannam
503 3325 620 3390 frustra
634 3337 803 3390 tentarunt.
848 3325 950 3408 Spero
964 3333 1068 3387 autem
1083 3321 1168 3409 quod
1181 3323 1233 3386 vel
1246 3321 1320 3385 huic
1332 3322 1473 3409 philoso-

174 3433 302 3520 phandi
315 3435 420 3514 modo,
436 3435 488 3500 vel
500 3435 616 3500 veriori
630 3435 732 3514 alicui,
747 3434 902 3520 principia
915 3431 968 3498 hic
987 3433 1089 3518 posita
1109 3431 1211 3497 lucem
1233 3432 1369 3522 aliquam
1389 3457 1474 3522 prm-

173 3541 309 3611 bebunt.

216 3655 264 3721 ln
278 3657 329 3721 his
343 3655 485 3736 edendis,
501 3658 550 3722 vir
564 3659 759 3723 acutissimus
773 3669 805 3722 et
818 3657 852 3721 in
873 3655 959 3722 omni
980 3654 1142 3720 literarum
1162 3675 1278 3744 genere
1299 3654 1474 3720 eruditissi-

171 3781 247 3827 mas
265 3761 455 3828 Edmundus
471 3763 618 3830 Halleius
633 3787 761 3850 operam
777 3765 912 3842 navavit,
927 3785 987 3828 nec
1001 3763 1104 3828 solum
1117 3762 1352 3850 typothetarum
1367 3763 1472 3848 sphal-

171 3881 264 3932 mata
278 3867 417 3933 correxit
431 3881 463 3934 et
477 3869 634 3936 schemata
648 3869 744 3935 incidi
759 3869 885 3947 curavit,
902 3868 959 3934 sed
973 3869 1065 3934 etiam
1080 3881 1189 3934 auctor
1209 3869 1277 3950 luit,
1302 3883 1337 3935 ut
1358 3870 1473 3934 horum

171 3975 347 4041 editionem
362 3976 562 4066 aggrederer.
608 3979 738 4068 Quippe
750 4000 822 4043 cum
837 3977 1080 4043 demonstratam
1095 4001 1115 4042 a
1128 4000 1180 4042 me
1198 3977 1334 4066 figuram
1348 3979 1472 4042 orbium
1533 4007 1543 4030 ·

170 4083 352 4149 ooelestium
372 4083 602 4168 impetraverat,
626 4109 738 4174 rogare
760 4107 825 4149 non
850 4085 977 4162 destitit,
1004 4097 1041 4149 ut
1065 4083 1197 4149 eandem
1222 4107 1294 4149 cum
1318 4084 1473 4150 Societate

119 4230 127 4249 ·
172 4191 292 4279 Regali
305 4191 584 4270 communicarem,
602 4215 672 4280 quae
692 4191 806 4258 deinde
826 4191 1002 4257 hortatibus
1024 4203 1056 4256 et
1075 4191 1219 4280 benignis
1242 4192 1305 4255 suis
1327 4191 1472 4276 auspiciis

169 4299 287 4379 effecit,
304 4311 342 4364 ut
364 4298 408 4363 de
427 4295 539 4364 eidem
559 4300 593 4364 in
613 4299 717 4365 lucem
739 4299 907 4365 emittendi
930 4299 1068 4390 cogitare
1090 4299 1270 4384 inciperem.
1315 4295 1361 4361 At
1385 4313 1473 4384 post·

171 4431 267 4498 quam
282 4419 434 4473 motuum
448 4407 605 4473 lunarium
619 4409 846 4496 maequalitates
861 4431 1026 4497 aggressus
1042 4431 1150 4488 essem
1174 4405 1288 4472 deinde
1303 4409 1395 4474 etiam
1412 4410 1474 4475 alia

171 4530 293 4584 tentare
308 4519 492 4603 coepissem,
508 4538 579 4601 quae
593 4517 634 4583 ad
647 4517 734 4608 leges
748 4530 780 4583 et
793 4539 954 4584 mensuras
968 4520 1128 4608 gravitads
1142 4529 1175 4582 et
1195 4517 1327 4584 abarum
1348 4519 1471 4599 virium,

172 4641 201 4692 et
213 4625 339 4717 figuras
355 4649 377 4692 a
392 4626 579 4712 corporibus
593 4628 766 4694 secundum
780 4628 868 4694 datas
883 4651 1084 4716 quascunque
1098 4627 1183 4716 leges
1198 4631 1337 4700 attractis
1356 4628 1472 4696 deseri·
