3584 5864
218 465 329 532 Lim
346 467 510 552 Prinne]
549 473 789 548 PRINCIPIA
812 484 1182 561 MATHEMATICA.
1435 516 1493 577 16⁸

784 699 936 791 sennen.

263 883 462 947 constructio
483 886 571 968 prior
592 891 702 955 evadet
722 893 816 976 paulo
832 897 1000 985 simplicior
1017 904 1224 992 jungendoB
1246 914 1282 990 P,
1306 926 1337 978 et
1350 917 1384 980 in
1398 917 1444 996 erl,
1467 921 1493 984 si

214 1009 292 1072 opus
315 1001 373 1067 est,
400 991 552 1074 producti
574 997 726 1080 capiendo
750 1001 778 1065 B
792 1023 814 1086 p
837 1004 878 1066 ed
899 1002 928 1069 B
944 1007 971 1071 Ρ
992 1019 1028 1072 ut
1049 1023 1097 1075 est
1122 1013 1149 1077 Ρ
1166 1015 1250 1082 llud
1266 1019 1295 1084 P
1309 1020 1359 1099 T;
1381 1035 1413 1104 et
1434 1045 1492 1108 per

211 1115 234 1178 p
280 1095 404 1181 agendo
448 1109 565 1162 rectem
615 1106 642 1164 0

211 1199 365 1266 infinitam
399 1225 422 1287 p
439 1227 457 1268 e
506 1204 565 1290 ipsi

213 1307 236 1372 S
249 1307 277 1370 P
289 1307 322 1371 T
330 1309 519 1392 parallelum,
531 1324 563 1376 et
642 1305 646 1312 ⁴

211 1415 244 1477 in
273 1415 310 1480 ei
341 1417 376 1500 (i)
411 1419 561 1502 capiendo
605 1417 630 1482 S

211 1539 335 1602 semper
359 1541 381 1603 p
410 1543 428 1584 e
455 1541 559 1607 aeque-

209 1622 273 1714 lem
288 1623 316 1688 P
330 1645 363 1702 r;
386 1638 417 1688 et
437 1627 559 1714 agendo

210 1741 307 1793 rectas
323 1731 393 1809 Be,
409 1732 437 1796 C
451 1755 468 1796 r
482 1755 557 1797 con·-

208 1852 365 1904 currentes
375 1841 407 1904 in
420 1842 452 1904 d.
474 1843 558 1907 Nam

207 1965 277 2008 cum
292 1947 357 2011 sint
371 1945 425 2011 Pr
439 1949 479 2012 ad
494 1947 555 2028 Pr,

206 2048 235 2114 P
251 2051 281 2116 R
295 2053 335 2116 ad
348 2051 376 2118 P
388 2053 428 2133 T,
440 2078 463 2140 p
475 2057 503 2121 B
515 2059 556 2122 nd

205 2155 288 2236 PB,
311 2181 366 2244 pe
388 2161 429 2226 ad
446 2163 472 2226 P
487 2176 500 2227 t
520 2166 555 2228 in

205 2259 313 2324 eidem
319 2263 451 2340 ratione3
464 2280 555 2331 erunt

202 2390 255 2453 pe
270 2383 301 2434 et
315 2371 371 2436 Pr
386 2395 506 2459 semper
521 2379 663 2465 aequales.
709 2379 784 2446 Hic
797 2383 1072 2472 methodopuncte
1086 2394 1269 2478 trajectoriae
1282 2395 1482 2460 inveniuntur

203 2479 442 2563 expeditissimi,
465 2485 524 2548 nisi
538 2489 634 2552 mavis
649 2511 784 2570 curvem,
794 2504 837 2578 'ut
850 2492 883 2556 in
897 2499 1128 2563 constructione
1143 2501 1287 2579 senardi,
1304 2502 1480 2568 describere

201 2587 389 2654 mechanici.

411 2839 697 2910 PROPOSITIO
720 2845 855 2914 XXIIL
901 2850 1159 2920 PROBLEMA
1185 2857 1261 2922 XV.

200 3011 410 3097 najenornm
424 3017 595 3097 describere,
622 3039 688 3102 quae
703 3039 763 3102 per
787 3023 860 3084 data
875 3032 999 3105 quatuor
1012 3035 1126 3106 pzmcta
1150 3027 1298 3104 transibit,
1324 3037 1354 3092 rt
1367 3039 1474 3095 rectam

619 3126 765 3208 emrtirrget
777 3127 924 3208 positione
936 3129 1046 3194 datam.

240 3265 307 3329 Casa
341 3275 369 3329 1.
419 3266 583 3334 Denunc

192 3379 324 3456 tangens
340 3368 377 3433 H
390 3371 428 3447 B,
443 3392 543 3455 punc·
573 3358 577 3359 ⁷
641 3440 670 3482 a,

192 3483 259 3536 tum
302 3486 460 3539 contectus
502 3477 541 3556 B,
671 3479 728 3550 ’Ἄ

192 3593 225 3645 et
249 3581 310 3645 alia
338 3583 396 3647 trie
425 3597 542 3668 puncta
718 3606 727 3676 ᾗ

194 3685 328 3763 C,D,P.
355 3689 590 3774 JungeBC‚s
690 3681 723 3778 e}
835 3684 840 3692 ¹

191 3805 221 3855 et
240 3793 362 3880 agendo
388 3793 414 3856 P
437 3796 460 3858 S
483 3816 540 3878 pa·
714 3781 719 3811 ⁵

189 3899 327 3964 mllelam
341 3915 436 3966 rectae
449 3901 478 3965 B
494 3901 539 3981 H,

189 4015 221 4066 et
248 4005 274 4069 P
299 4007 333 4082 Q
357 4007 539 4092 parallelum

188 4125 285 4178 rectae
315 4117 344 4180 Β
379 4117 416 4195 C,
454 4139 539 4182 com·

187 4220 239 4302 ple
286 4224 540 4313 parallelogram-

186 4345 273 4390 mum
291 4329 446 4408 BSPQ.
467 4336 539 4422 Age

188 4430 265 4496 BD
288 4449 442 4500 secantem
470 4439 537 4505 SP
677 4421 705 4477 Β
995 4425 1022 4490 Q
1132 4409 1166 4468 Η
1203 4461 1206 4468 ’

218 4581 250 4654 Q)
268 4585 281 4612 0
300 4583 356 4630 Hoc
366 4585 522 4635 oetlinenrum
532 4605 578 4650 pe,
592 4590 643 4648 Pr,
655 4592 805 4642 altemmd
836 4593 884 4654 flat,
900 4604 1044 4659 agunturque
1060 4602 1128 4668 reete
1151 4593 1173 4641 B
1192 4609 1213 4652 e,
1232 4594 1286 4650 Cr,
1303 4601 1465 4640 concurrentes

185 4641 427 4709 sshffiumcaphwn
442 4661 466 4698 et
486 4653 558 4702 altem
574 4657 805 4721 mumptaeoequalia
835 4657 861 4704 in
883 4658 915 4719 d3
932 4664 1050 4724 rumpet
1067 4673 1167 4719 priorem
1182 4656 1278 4718 consu)
1296 4655 1362 4705 Pr:
1377 4655 1463 4707 Pt=

819 4741 869 4791 Μ
