3580 5866
318 411 363 482 sil
822 411 1091 533 'Peterem

312 585 439 665 bendm,
456 585 496 654 ad
510 599 614 654 motus
629 607 797 673 corporum
810 585 950 672 plurium
963 585 1044 654 inter
1058 608 1102 664 se,
1123 585 1165 652 ad
1186 595 1290 656 motus
1304 607 1473 676 corpomm
1487 589 1521 658 in
1534 609 1600 656 me·

310 693 370 762 diis
384 695 610 774 resistentibus,
626 694 669 760 sd
682 697 773 774 vires,
790 693 958 760 densitates
972 705 1005 760 et
1017 705 1122 760 motus
1135 693 1322 773 mediorum,
1337 695 1379 762 od
1393 697 1485 764 orbes
1496 719 1600 766 como·

310 813 459 870 mrumst
480 803 592 869 similia
612 813 763 888 spectant,
791 801 961 872 editionem
984 801 1019 866 in
1044 800 1130 866 aliud
1154 813 1276 888 tempus
1302 801 1508 873 differendam
1532 827 1601 872 ceso

308 910 426 996 putavi,
451 921 486 976 ut
504 923 617 976 caetera
641 910 772 975 rimarer
793 920 826 976 et
843 907 907 978 unti
926 909 959 977 in
980 907 1143 994 publicum
1163 907 1281 975 deresm
1325 909 1408 987 Quae
1434 911 1475 976 cd
1496 925 1600 978 motus

307 1019 433 1086 limares
449 1031 591 1105 spectant
606 1018 802 1106 (imperfecte
814 1040 887 1084 cum
901 1017 976 1099 siut)
991 1017 1025 1082 in
1038 1017 1220 1084 Corolleriis
1233 1017 1462 1104 Propositionis
1474 1019 1601 1086 LXVI.

310 1127 405 1194 simul
419 1127 698 1212 complexus'sum,
712 1148 753 1190 ne
767 1125 892 1213 singula
905 1123 1056 1192 methodo
1077 1124 1251 1210 prolixiore
1267 1147 1361 1211 quem
1381 1149 1442 1212 pm
1463 1128 1509 1194 rei
1530 1127 1601 1216 dig·

309 1234 407 1300 nitate
420 1255 608 1318 proponere,
624 1245 657 1300 et
670 1231 828 1320 sigillatim
843 1233 1057 1300 demonstrem
1072 1243 1205 1312 tenerer,
1226 1244 1259 1302 et
1279 1233 1392 1300 seriem
1410 1236 1601 1322 reliquarum

310 1325 560 1427 propositionum
575 1341 811 1425 interrumpere.
856 1340 1019 1412 Normulle
1031 1341 1103 1410 seri
1117 1342 1244 1414 inventa
1257 1341 1334 1410 locis
1356 1342 1458 1411 mium
1479 1345 1601 1414 idoneis

309 1439 447 1518 inserere
461 1451 568 1528 melui,
585 1473 679 1537 quarn
693 1471 861 1516 numerum
873 1451 1125 1540 propositionum
1138 1463 1171 1516 et
1190 1451 1353 1516 citationes
1376 1465 1508 1520 mutare.
1553 1453 1602 1522 Ut

310 1558 417 1622 omnia
429 1553 562 1624 mauide
576 1557 721 1648 legantur
735 1570 769 1622 et
782 1556 920 1627 deiectus
934 1559 967 1622 iu
981 1557 1112 1626 materiai
1125 1571 1190 1624 tam
1204 1559 1322 1624 difficili
1336 1581 1402 1627 non
1416 1571 1481 1626 tam
1496 1581 1602 1647 repre·

308 1665 475 1744 hendatur,
491 1689 585 1754 quam
599 1667 689 1732 novis
703 1666 857 1735 lectorum
877 1669 1039 1736 cometus
1061 1669 1297 1758 investigentur,
1320 1681 1352 1736 et
1368 1670 1504 1759 benigue
1527 1693 1601 1758 sup·

308 1773 463 1858 plautus,
479 1773 572 1840 euixd
586 1795 675 1862 rogo.

405 1997 982 2075 mmmmsstmecwmbssstffltmt,

595 2097 774 2146 Malanios&
895 2159 900 2170 ‚

1308 2351 1357 2418 ts
1373 2351 1598 2424 NEWTON.

892 2543 1020 2582 -Q-

706 2695 946 2764 AUCTORIS
969 2689 1078 2762 PRAE
1086 2689 1227 2760 FATIO

557 2903 941 3052 emmonem
979 2967 1348 3048 secuuntur.

880 3159 1022 3182 m

302 3341 367 3447 ¹Iu
383 3367 444 3434 hdo
459 3363 597 3432 secunde
610 3363 842 3452 Principiorum
853 3365 990 3430 editione
1004 3365 1103 3432 multa
1113 3363 1244 3452 sparsim
1255 3361 1470 3443 emendantur,
1483 3376 1515 3428 et
1524 3385 1607 3430 nou·

311 3477 399 3542 nullu
421 3475 619 3562 adjiciuntur.
664 3473 704 3538 ln
727 3473 818 3540 Libri
840 3473 940 3539 Primi
956 3477 1102 3540 Sectione
1117 3474 1163 3541 ΙΙ.
1185 3474 1323 3538 inventio
1344 3473 1467 3553 virium,
1492 3473 1608 3561 quibus

310 3607 445 3672 corpora
459 3584 493 3648 in
507 3583 636 3654 orbibus
651 3581 732 3648 datis
746 3583 864 3648 revolvi
878 3583 1009 3670 possint,
1032 3583 1152 3648 facilior
1172 3581 1316 3648 redditur
1332 3595 1364 3648 et
1378 3583 1522 3670 amplior.
1567 3583 1609 3648 In

312 3693 404 3760 Libri
420 3693 559 3761 Secundi
575 3691 720 3758 Sectione
734 3691 813 3758 VII.
829 3691 951 3760 theoria
967 3693 1160 3784 resistentiae'
1171 3691 1340 3757 fluidorum
1362 3689 1538 3760 accuratius
1559 3691 1610 3756 in·

311 3804 493 3892 vestigatur,
509 3813 543 3868 et
555 3801 645 3868 novis
660 3801 881 3886 experimentis
893 3802 1106 3868 confirmetur.
1118 3798 1267 3868 InLibro
1274 3797 1385 3866 Tertio
1395 3799 1516 3868 theosin
1524 3801 1609 3867 luuae

238 3975 244 3988 ,
312 3923 345 3976 et
355 3910 527 4000 praecessio
540 3912 799 4000 sequinoctiorum
814 3933 856 3976 ex
868 3911 1032 4000 principiis
1047 3911 1111 3978 suis
1124 3908 1249 3998 plenids
1265 3909 1474 3989 deducuntur,
1493 3923 1525 3976 et
1540 3909 1614 3978 tlte»

313 4022 381 4086 oria
395 4033 588 4088 cometarum
601 4019 746 4107 pluribus
761 4033 793 4092 et
811 4019 990 4089 accuratirle
1010 4019 1197 4108 computetis
1217 4020 1342 4088 orbium
1361 4019 1512 4108 exemplis
1534 4039 1610 4088 con·

314 4131 468 4202 firmatur.

410 4423 506 4472 Dudum
516 4423 625 4481 Londirtt',
638 4424 703 4472 Hor.
717 4427 755 4472 28.
772 4425 841 4473 1718.

1310 4717 1361 4787 IS.
1386 4715 1610 4788 NEWTON.
