3580 5866
322 478 375 546 viii
487 489 490 496 '
841 467 1086 536 MONITUM.

321 636 390 702 sola
414 636 587 705 doctissimi
612 641 751 706 authoris
776 642 872 708 verba
887 645 996 729 jurare
1021 644 1152 720 uoluut3
1182 645 1300 710 eximia
1320 665 1392 732 quoe
1413 646 1447 711 in
1470 646 1615 712 Newtoni

320 770 586 854 propositionibus
616 773 715 840 latent
743 774 879 854 inventa,
916 775 1093 840 deteximus
1129 786 1222 863 atque
1258 775 1449 854 evolvimus3
1486 777 1614 844 tandem

262 991 267 1002 Ι
320 896 393 964 cum
408 905 666 986 praestantissima
679 904 733 970 illa
747 905 861 970 summi
883 905 942 969 viri
963 903 1119 990 principia
1139 901 1327 969 nunculium
1348 905 1531 994 intelligere,
1557 905 1614 972 sed

319 1041 351 1094 et
375 1025 462 1092 illum
488 1052 583 1117 quam
609 1031 669 1096 sibi
696 1032 820 1118 aperuit
845 1033 888 1100 ad
912 1035 1127 1102 inventionem
1147 1033 1231 1098 viam
1252 1033 1417 1120 explorare
1437 1033 1613 1120 plurimdm

299 1143 304 1152 ⁸
319 1159 534 1226 delectationis
544 1161 663 1228 habeat
677 1175 709 1228 et
724 1163 875 1242 utilitatis,
892 1163 1033 1248 dispersa
1051 1162 1114 1227 huc
1135 1175 1168 1228 et
1189 1161 1264 1226 illuc
1284 1163 1444 1250 generalia
1465 1165 1612 1251 quaedam

317 1272 513 1376 problemata
526 1291 626 1358 lector
639 1293 785 1380 reperiet.
832 1294 918 1363 Haec
932 1305 1006 1361 sunt
1020 1315 1091 1380 quae
1112 1291 1215 1360 facere
1237 1292 1403 1372 voluimus,
1427 1317 1490 1382 quo
1512 1297 1609 1375 exitu,

317 1417 415 1504 penes
429 1418 617 1486 benevolum
632 1419 783 1487 lectorem
798 1436 865 1488 esto
874 1422 1040 1508 judicium.
1086 1421 1140 1488 Ex
1150 1422 1238 1486 brevi
1249 1421 1305 1487 illo
1315 1428 1611 1492 commentariorum

316 1559 498 1619 nostrorum
520 1562 691 1638 prospectu
714 1553 789 1617 satis
813 1565 901 1638 patet
926 1575 1005 1642 quos
1030 1553 1122 1620 uobis
1147 1553 1284 1620 lectores
1309 1556 1521 1640 postulemus;
1551 1580 1611 1624 nec

296 1699 299 1706 ·
314 1681 579 1764 praestantissimis
593 1680 821 1747 mathematicis
836 1702 895 1745 uec
909 1681 1055 1767 imperito
1071 1680 1334 1766 philosophorum
1347 1683 1443 1772 vulgo
1458 1705 1516 1749 nos
1535 1685 1612 1749 scri-

315 1814 390 1880 bere
409 1815 616 1900 profitemur3
640 1815 681 1880 ad
702 1811 833 1900 hujusce
854 1813 958 1898 operis
979 1810 1145 1878 lectionem
1167 1835 1220 1878 eos
1242 1811 1396 1880 duntaxat
1417 1812 1610 1881 admittimus

314 1945 369 2032 qui
383 1967 422 2009 ea
436 1965 507 2032 quoe
517 1946 583 2030 jam
599 1944 736 2009 diximus
751 1944 907 2009 elementa
920 1943 954 2006 iu
968 1953 1117 2026 promptu
1131 1939 1258 2021 habent,
1282 1956 1313 2008 et
1327 1941 1383 2008 tali
1397 1943 1525 2030 iusuper
1540 1945 1611 2030 pol-

312 2072 380 2139 lent
393 2074 507 2140 meutis
522 2075 599 2153 acie,
615 2087 651 2139 ut
665 2074 817 2162 longioris
839 2072 1112 2139 demonstrationis
1133 2073 1197 2136 vim
1219 2087 1313 2162 atque
1334 2077 1447 2141 seriem
1469 2074 1609 2142 studiose

312 2206 457 2294 persequi
471 2218 504 2272 et
517 2207 624 2271 auimo
638 2175 907 2292 comprehendere
921 2204 1051 2290 possint.

356 2339 410 2405 De
423 2341 538 2404 nostris
553 2339 785 2404 commentariis
800 2338 870 2403 haec
884 2336 959 2404 satis
974 2337 1059 2404 dicta
1073 2337 1144 2400 sint.
1183 2332 1303 2401 Venlm
1317 2339 1467 2404 uanualis
1478 2339 1610 2426 aequitas

313 2483 345 2535 et
359 2471 597 2538 mathematicus
612 2471 732 2536 candor
745 2471 917 2556 portulam,
933 2480 969 2533 ut
983 2489 1042 2534 uos
1056 2464 1229 2553 plurimrlm
1239 2465 1357 2531 debere
1366 2466 1520 2534 fateamur
1533 2468 1610 2533 doc-

268 2603 281 2612 ‘
313 2597 438 2663 tissimis
461 2599 546 2675 viris,
569 2585 689 2662 Davidi
712 2595 881 2683 Gregorio,
904 2593 1110 2680 varignusio.
1132 2593 1254 2662 Jacobu
1270 2593 1470 2671 Hermanno,
1493 2595 1610 2664 Joaam

315 2724 441 2803 Keillio,
459 2724 589 2810 aliisque
603 2721 720 2800 multis,
737 2721 791 2809 qui
807 2721 907 2786 varias
923 2718 1141 2787 Ncwtuuiauae
1157 2717 1371 2803 Philosophia
1391 2734 1497 2805 partes
1519 2721 1609 2798 lucu·

165 2897 169 2902 -
311 2855 404 2922 lentis
427 2851 551 2938 scriptis
573 2849 779 2919 illustrarunt.
832 2847 955 2916 Eidem
977 2846 1245 2939 squamaque
1266 2847 1467 2936 ingenuitatis
1492 2851 1609 2940 leges

311 2991 403 3058 nobis
418 2991 564 3082 religiosi
577 2993 695 3058 factum
710 3001 767 3068 est,
783 2999 820 3053 ut
833 3006 888 3052 sos
903 3004 1012 3049 omncs
1026 3003 1161 3070 quorum
1176 2981 1284 3068 spoliis
1298 2981 1468 3068 aliquando
1481 2983 1607 3056 ditesci-

310 3147 392 3204 mus,
408 3127 441 3190 iu
456 3125 752 3190 commentariorum
774 3131 955 3185 nosuorum
975 3116 1110 3180 decursu
1132 3113 1261 3180 honoris
1283 3113 1377 3180 causi
1398 3117 1604 3186 nominemus

310 3259 478 3326 Publicum
493 3281 618 3348 quoque
637 3257 719 3347 grati
740 3253 837 3320 animi
858 3250 1072 3316 testimonium
1092 3247 1202 3318 deesse
1223 3246 1370 3312 uolumus
1396 3249 1513 3316 clariss·
1528 3252 1603 3324 Dffl,

308 3392 338 3456 J.
352 3391 391 3457 L.
406 3388 599 3458 Calandrino
607 3389 640 3452 iu
651 3383 823 3454 Academil
836 3381 1016 3449 Geuevensi
1032 3379 1214 3447 Professora
1222 3378 1256 3442 iu
1271 3379 1365 3443 rehtu
1376 3379 1603 3448 mathematicis

308 3520 528 3598 versatissimo,
545 3519 599 3606 qui
613 3515 695 3582 hanc
705 3523 850 3581 nostram
865 3511 1010 3578 Newtoni
1025 3509 1257 3618 Principiomm
1271 3507 1441 3575 editionem
1455 3511 1603 3579 adornati

307 3647 426 3714 curavit
440 3647 481 3713 ad
495 3667 640 3712 normam
654 3643 894 3733 elegantissimas
908 3637 991 3705 illius
1005 3637 1162 3729 editionis,
1179 3659 1251 3727 quae
1265 3639 1476 3707 additionibus
1496 3646 1601 3716 mulda

306 3781 494 3868 locupletata
509 3779 650 3847 Londini
663 3777 781 3864 prodiit
795 3797 880 3842 anuo
897 3781 990 3844 1726.
1039 3774 1167 3840 Deinde
1182 3774 1215 3838 id
1230 3775 1289 3839 sihi
1304 3775 1419 3842 laboris
1434 3781 1601 3865 assumpsit

306 3915 353 3982 vir
370 3913 568 3980 doctissimus
591 3931 657 3976 non
677 3907 779 3973 solim
801 3919 839 3970 ut
859 3904 1019 3970 schemata
1038 3903 1145 3981 incidi,
1169 3903 1232 3968 suis
1254 3903 1330 3969 locis
1353 3903 1486 3990 disponi,
1510 3919 1601 3994 typo·

305 4043 455 4133 graphica
468 4041 584 4108 menda
597 4038 713 4126 corrigi
728 4032 841 4101 seduli>
854 4033 1040 4121 invigilaret,
1057 4033 1114 4098 sed
1128 4033 1222 4098 etiam
1236 4053 1274 4098 ea
1288 4055 1359 4121 quaa
1375 4037 1442 4122 jam
1461 4035 1600 4104 laudavi-

306 4197 376 4240 mus
391 4175 565 4242 sectionum
579 4171 759 4237 conicarnm
774 4168 930 4233 elementa
944 4167 1130 4258 composuit,
1146 4179 1178 4231 et
1192 4186 1264 4254 quae
1286 4191 1305 4232 a
1325 4168 1420 4234 nobis
1439 4191 1503 4236 non
1525 4173 1598 4272 satis

304 4305 468 4394 perspicue
482 4301 669 4370 videbantur
684 4299 826 4385 exposita
840 4297 978 4384 propriis
992 4297 1075 4362 notis
1090 4295 1259 4384 diquaudb
1273 4299 1446 4365 illustrarit

350 4437 427 4504 Hoc
440 4423 548 4500 nostro
563 4433 671 4498 labore
686 4429 830 4498 fruantur
844 4449 952 4494 rerum
966 4428 1256 4495 mathematicamm
1270 4429 1413 4497 cultores.
1434 4451 1437 4460 ’

400 4591 521 4644 rossa
533 4590 603 4653 aaa
616 4591 734 4640 cmm
745 4589 806 4635 rra.
824 4583 954 4641 nimae,

619 4675 691 4724 luno
704 4675 773 4722 1⁷⁸9.
