3580 5866
544 945 836 1060 nnrronrs
857 949 1179 1034 remunero
1255 915 1262 925 ’

848 1217 878 1254 ΙΙ

398 1432 853 1542 EDITIONEM
877 1437 1305 1546 SECUNDAM.

778 1733 947 1760 m

189 1943 246 2040 N
248 1989 482 2034 rwronrsum
493 1967 711 2056 Philosophiae
725 1970 918 2049 noramtibi,
942 1971 1041 2036 lector
1062 1971 1227 2053 benevole,
1251 1973 1368 2064 diuque
1390 1975 1513 2043 deside-

186 2089 296 2142 ratam
315 2079 510 2156 editionem,
526 2075 699 2163 plurimrlm
713 2099 798 2142 nunc
813 2078 1011 2144 emendatam
1026 2091 1120 2168 atque
1131 2081 1303 2146 auctiorem
1317 2081 1513 2150 exhibemus

190 2185 282 2262 Quae
297 2187 513 2274 potissimum
529 2185 749 2250 contineantur
763 2185 797 2249 in
810 2183 872 2250 hoc
887 2206 983 2273 opere
998 2185 1213 2266 celeberrimo,
1236 2187 1411 2278 intelligere
1424 2203 1515 2280 potes

190 2315 237 2358 ex
251 2293 421 2359 indicibus
438 2291 588 2378 adjectis:
612 2315 684 2380 quae
704 2291 754 2356 vel
769 2291 926 2357 addantur
941 2291 990 2358 vel
1012 2291 1227 2374 immutentur,
1244 2297 1314 2381 ipsa
1328 2309 1359 2361 te
1374 2295 1439 2364 ferd
1457 2297 1515 2363 do·

198 2400 292 2464 rebat
319 2399 462 2464 auctoris
479 2397 633 2483 praesstio.
679 2397 850 2486 Reliquum
876 2410 934 2478 est,
955 2411 994 2495 ¹ut
1014 2399 1200 2485 adjicientur
1219 2402 1372 2466 nonnulla
1386 2403 1427 2468 de
1446 2425 1514 2468 me·

71 2492 85 2531 '⁸
200 2505 315 2571 thodo
328 2507 427 2593 hujus
441 2505 655 2592 philosophiae.

174 2661 185 2674 .
252 2615 326 2691 Qui
350 2611 514 2701 physicam
540 2613 737 2680 tractandam
767 2622 981 2698 susceperunt,
1005 2611 1047 2676 ad
1069 2623 1133 2677 tres
1159 2611 1225 2678 ferd
1239 2582 1354 2680 clssses
1373 2583 1527 2682 revocari¹

199 2735 355 2806 possunt.
401 2719 585 2786 Extiterunt
599 2719 693 2799 euim,
724 2719 778 2807 qui
793 2719 925 2808 singulis
948 2741 1055 2784 rerum
1075 2720 1242 2805 speciebus
1258 2722 1422 2810 qualitates
1442 2747 1513 2812 spe·

202 2827 317 2892 cificas
348 2839 380 2892 et
404 2825 544 2891 occultas
573 2825 761 2904 tribuerint3
783 2847 825 2890 ex
849 2826 964 2913 quibus
987 2825 1101 2891 deinde
1123 2848 1292 2912 corporum
1318 2829 1512 2919 singulorum

204 2935 421 3022 operationes,
443 2933 553 3022 ignoti
579 2931 715 3020 quidam
744 2933 876 3011 ratione,
898 2933 1038 3018 pendere
1053 2932 1230 2999 voluenmt.
1276 2935 1316 3001 In
1334 2935 1396 3001 hoc
1410 2937 1513 3023 posits

207 3055 260 3108 est
275 3061 402 3107 summa
416 3039 570 3105 doctrinm
596 3037 800 3119 scholasticae,
824 3039 865 3104 ab
880 3039 1053 3106 Aristotele
1067 3053 1100 3106 et
1115 3039 1329 3127 Peripateticis
1345 3043 1510 3112 derivatae:

122 3197 127 3206 -
213 3151 389 3215 Affirmant
400 3149 509 3238 utique
524 3147 667 3236 singulos
678 3147 807 3213 effectus
822 3133 863 3212 err
877 3169 1045 3234 corporum
1060 3147 1268 3236 singularibus
1283 3150 1402 3214 naturis
1417 3152 1511 3229 oriri3

209 3271 245 3322 at
260 3255 352 3322 unde
366 3256 428 3321 sint
446 3253 508 3319 illae
522 3267 647 3320 namrae
657 3277 729 3344 non
741 3253 875 3333 docent3
897 3255 976 3320 nihil
1005 3255 1111 3343 itaque
1124 3255 1248 3322 docent
1295 3257 1438 3347 Cumque
1452 3260 1511 3326 toti

207 3367 278 3432 sint
290 3365 440 3430 interum
462 3363 653 3444 nominibus,
675 3385 741 3430 non
758 3363 884 3456 inipsis
899 3363 1011 3442 rebus3
1035 3383 1212 3429 semronem
1227 3364 1384 3452 quendam
1405 3365 1510 3452 philo·

207 3473 380 3560 sophicum
402 3471 549 3537 censendi
572 3483 646 3538 srmt
670 3469 876 3550 adinvenisse,
899 3469 1130 3557 philosophiam
1154 3473 1320 3538 tradidisse
1344 3493 1411 3538 non
1436 3487 1510 3541 sunt

208 3580 372 3647 censendi.
1135 3637 1138 3644 ,

257 3687 324 3754 Alii
338 3709 415 3775 ergo
429 3685 567 3753 melioris
583 3685 753 3776 diligentiae
766 3685 893 3752 laudem
908 3685 1057 3775 consequi
1068 3697 1234 3773 sperarunt
1243 3690 1358 3774 rojecta
1371 3689 1506 3758 vocabu·

208 3797 318 3862 lorum
329 3790 434 3860 inutili
448 3794 614 3884 suraque.
660 3797 844 3862 statuerunt
864 3795 970 3884 itaque
987 3798 1150 3862 materiam
1164 3798 1342 3864 universam
1356 3799 1507 3888 homoge-

208 3925 306 3970 neam
321 3925 399 3982 esse,
422 3923 550 3967 omnem
563 3899 639 3967 verb
647 3889 819 3968 formhmm
829 3903 1019 3981 varietatem,
1036 3923 1107 3990 quae
1120 3903 1154 3967 in
1165 3905 1348 3990 corporibus
1358 3905 1505 3984 cernitur,

211 4035 256 4078 ex
283 4011 512 4106 particularum
537 4011 791 4097 componentium
820 4009 1053 4096 simplicissimis
1080 4011 1266 4098 quibusdam
1288 4023 1320 4078 et
1347 4011 1507 4078 intellectu

210 4117 367 4184 facillimis
393 4115 609 4182 affectionibus
634 4117 718 4181 oriri.
764 4115 808 4184 Et
832 4117 916 4182 recte
942 4115 1068 4204 quidem
1092 4119 1272 4206 progressio
1293 4115 1463 4182 instituitur
1488 4143 1507 4184 a

214 4225 459 4312 simplicioribus
475 4225 517 4289 ad
541 4225 641 4313 magis
656 4223 838 4310 composite,
863 4223 889 4289 si
907 4223 1130 4310 particularum
1143 4225 1299 4310 primariis
1324 4221 1385 4286 illis
1413 4223 1506 4290 affec·

210 4333 349 4398 doniam
363 4353 431 4397 non
445 4331 523 4396 ahos
544 4331 687 4396 tribuunt
710 4331 832 4410 modos,
856 4353 949 4418 quarn
964 4353 1043 4418 quos
1064 4331 1134 4424 ipss
1147 4331 1256 4397 tnbuit
1276 4339 1397 4394 natura.
1442 4331 1507 4400 Ve-

208 4439 282 4505 rdm
295 4439 354 4505 nbi
375 4438 537 4504 licentium
557 4439 616 4503 sibi
630 4450 802 4516 assumunt,
824 4437 962 4524 ponendi
983 4458 1184 4526 quascunque
1208 4435 1286 4501 hbet
1298 4436 1421 4526 ignotas
1435 4459 1507 4522 par·

206 4549 286 4612 tium
296 4547 421 4636 figuras
436 4557 471 4610 et
481 4543 722 4632 magnitudines,
745 4545 944 4632 incertosque
954 4545 1031 4610 situs
1042 4557 1074 4609 et
1087 4556 1210 4622 motus3
1233 4544 1310 4632 quin
1324 4557 1357 4610 et
1366 4545 1507 4635 fingendi

204 4655 302 4722 liuida
318 4652 472 4741 quadem
493 4651 625 4731 occulta,
648 4675 722 4740 qum
734 4673 901 4738 corporum
916 4673 1011 4738 poros
1033 4651 1191 4716 hberrimd
1213 4663 1384 4738 permeent,
1396 4654 1506 4720 'omni-
