3580 5866
338 571 378 630 ιο
649 559 988 630 rumosorrnm
1015 512 1289 632 aerumnis
1403 540 1630 644 ’[ιιιπιη.

320 795 325 838 ,
371 750 403 836 (ἲ)
426 747 565 833 Tempus
580 747 767 812 Absolutum
781 767 800 810 a
814 745 942 810 relativo
956 743 1153 833 distinguimr
1165 747 1199 810 in
1214 745 1411 812 Astronomii
1426 769 1484 832 per
1498 747 1639 833 AEquu-

319 841 444 920 ltionem
458 855 604 940 temporis
626 853 721 942 vulgi.
775 852 946 939 Insequales
969 851 1052 915 enim
1076 863 1148 916 sunt
1169 853 1234 917 dies
1256 851 1419 932 naturales,
1447 853 1500 940 qui
1522 853 1635 941 vulgo

328 975 475 1048 tanquam
490 961 622 1048 aequales
643 983 703 1045 pro
716 981 861 1022 menalus
883 958 1030 1042 temporis
1052 957 1215 1022 habentur.
1260 959 1356 1024 Hanc
1378 945 1633 1046 inaequalitatem

329 1069 489 1156 corrigunt
504 1065 694 1144 Astronomi,
718 1077 755 1129 ut
777 1087 817 1129 ex
830 1065 950 1128 veriore
972 1075 1113 1148 tempore
1137 1077 1316 1128 mensurent
1339 1077 1442 1129 motus
1468 1065 1632 1130 ooelestea.

329 1173 480 1240 Possibile
494 1185 548 1253 est,
564 1187 599 1237 ut
607 1171 709 1237 nullus
718 1173 757 1235 sit
766 1182 868 1234 motus
877 1169 1035 1256 aequabilis
1045 1191 1106 1256 quo
1116 1171 1256 1256 Tempus
1267 1171 1408 1236 accurati
1416 1183 1630 1235 mensuretur.

330 1281 507 1346 Accelereri
522 1293 552 1344 et
566 1278 715 1344 retardari
728 1289 857 1364 possunt
876 1287 978 1340 motus
992 1297 1108 1354 omnes,
1134 1277 1188 1340 sed
1201 1277 1304 1341 fluxus
1318 1277 1466 1363 temporis
1488 1277 1633 1346 absoluti

330 1389 445 1454 mutari
457 1387 573 1473 nequit.
618 1385 738 1450 Eadem
762 1395 807 1448 est
832 1383 955 1446 duratio
969 1405 1023 1446 seu
1045 1385 1274 1467 perseverantia
1302 1385 1473 1450 existentia
1495 1405 1630 1459 rerum;

330 1496 393 1558 sive
407 1505 508 1557 motus
524 1493 586 1557 sint
596 1492 719 1569 celeres,
736 1489 798 1554 sive
812 1489 902 1568 tardi,
927 1490 991 1553 sive
1003 1489 1099 1552 nullis
1120 1489 1252 1573 proinde
1274 1489 1343 1553 haec
1361 1491 1544 1555 emensuris
1557 1491 1632 1553 suis

329 1601 521 1690 sensibilibus
544 1597 654 1662 merito
677 1597 884 1684 distinguitur,
910 1593 995 1660 etex
1009 1595 1121 1659 iisdem
1135 1595 1291 1682 colligitur
1315 1617 1373 1680 per
1396 1597 1631 1682 AEquationem

332 1706 590 1771 Astronomicam.
636 1705 741 1791 Hujus
761 1714 864 1766 autem
882 1701 1063 1788 aequotionis
1086 1702 1119 1764 in
1133 1701 1374 1764 determinandis
1401 1702 1632 1766 Phaenomenis

329 1812 500 1890 necessitas,
525 1824 592 1875 turn
616 1831 673 1896 per
687 1810 935 1895 experimentum
950 1807 1119 1895 Horologii
1145 1807 1342 1885 Osoillstorii,
1368 1817 1436 1871 tum
1458 1809 1552 1874 etiam
1565 1828 1635 1893 per

329 1919 455 2003 eclipses
473 1917 645 1984 Satellitum
659 1917 745 1982 Jovis
759 1917 917 1980 evincitur.

374 2025 421 2090 Ut
435 2023 513 2088 ordo
527 2025 663 2109 partium
679 2023 844 2108 Temporis
858 2034 904 2087 est
916 2021 1125 2101 immutabilis,
1142 2023 1185 2086 sic
1200 2023 1294 2087 etiarn
1303 2023 1382 2086 ordo
1395 2024 1531 2108 partium
1542 2025 1633 2106 Spa-

329 2131 374 2196 tii.
419 2131 608 2195 Moveantur
622 2129 690 2194 haec
705 2129 744 2194 de
766 2129 842 2192 locis
856 2129 926 2206 suis,
943 2139 975 2192 et
988 2129 1195 2193 movebuntur
1210 2135 1258 2213 (ut
1271 2129 1315 2192 ita
1329 2128 1443 2209 dicam)
1453 2129 1493 2193 de
1507 2127 1632 2215 seipsis.

331 2237 416 2302 Nam
430 2249 571 2322 tempora
585 2248 616 2300 et
629 2237 728 2320 spatia
741 2247 813 2299 sunt
826 2236 873 2298 sui
887 2235 1025 2320 ipsorum
1040 2245 1071 2298 et
1084 2255 1188 2298 rerum
1197 2235 1337 2298 omnium
1346 2236 1433 2321 qussi
1443 2237 1538 2299 Mea
1585 2236 1635 2300 In

332 2343 495 2428 Tempore
504 2343 607 2430 quood
621 2343 763 2406 ordinem
772 2341 984 2418 successionis;
1000 2342 1033 2404 in
1046 2342 1155 2426 Spatio
1163 2341 1266 2426 quoad
1280 2341 1422 2405 ordinem
1433 2343 1507 2404 situs
1518 2342 1633 2404 locan-

330 2458 384 2512 tur
398 2451 549 2513 universa.
604 2449 657 2514 De
671 2449 796 2512 illorum
811 2448 943 2512 essentie
956 2459 1002 2510 est
1015 2459 1051 2510 ut
1065 2448 1126 2510 sint
1141 2449 1244 2510 Loca:
1268 2459 1300 2511 et
1313 2448 1382 2510 loca
1395 2448 1544 2532 primaria
1556 2467 1634 2510 rno-

331 2555 398 2620 veri
412 2554 578 2620 absurdum
594 2565 646 2619 est.
694 2555 776 2619 Haec
791 2565 862 2618 sunt
886 2554 981 2640 igitur
994 2553 1135 2617 absolute
1150 2553 1254 2632 Loes3
1279 2565 1310 2618 et
1324 2553 1399 2617 solra
1413 2553 1633 2618 translationes

330 2661 376 2724 de
386 2661 434 2724 his
448 2661 524 2724 locis
539 2672 610 2724 sunt
625 2661 757 2724 absoluti
773 2660 890 2726 Motus.

376 2765 495 2830 Verum
506 2767 652 2851 quoniam
666 2764 717 2828 hoe
734 2767 832 2849 Spatii
845 2777 948 2850 pertas
962 2766 1060 2830 videri
1070 2777 1236 2852 nequeunt,
1250 2779 1281 2830 et
1295 2767 1476 2832 abinvicem
1484 2789 1542 2853 per
1555 2789 1633 2832 sen-

330 2893 383 2935 sus
396 2883 519 2935 nostros
532 2871 697 2958 distingui3
720 2891 827 2934 earum
842 2872 908 2935 vice
922 2871 1103 2935 adhibemus
1117 2895 1276 2936 mensures
1291 2874 1455 2938 sensibiles.
1502 2875 1553 2940 Ex
1567 2897 1633 2960 po·

327 2978 493 3044 :sitionibus
507 2977 591 3040 enim
605 2987 637 3041 et
650 2977 800 3040 distantiis
814 2997 919 3042 rerum
934 2976 954 3040 sl
967 2999 1098 3062 corpore
1113 2979 1226 3065 aliquo,
1243 2979 1327 3064 quod
1337 2993 1510 3065 spectamus
1518 2993 1554 3044 ut
1568 2983 1633 3044 im·

331 3084 457 3162 mobile,
478 3083 642 3147 definimus
656 3083 724 3146 loca
738 3085 895 3148 universa:
924 3083 1037 3148 deinde
1051 3086 1144 3148 etiarn
1158 3099 1190 3149 et
1204 3107 1310 3149 omnes
1324 3099 1426 3150 motus
1440 3089 1633 3151 aestimamus

333 3213 406 3256 oum
433 3201 574 3275 respectu
591 3189 640 3268 ¹ad
657 3189 812 3278 praedicta
828 3191 913 3269 loce,
946 3202 1097 3277 quereum
1119 3213 1252 3276 corpora
1274 3191 1314 3256 ab
1337 3193 1445 3258 iisdem
1469 3195 1632 3259 transferri

334 3295 533 3381 concipimus.
578 3296 630 3363 Sic
644 3297 711 3364 vice
729 3297 869 3360 locorum
892 3308 924 3360 et
945 3309 1087 3362 motuum
1110 3297 1321 3362 absolutorum
1344 3288 1476 3364 relativis
1499 3304 1630 3380 utimur,

332 3424 391 3468 nec
405 3401 601 3466 incommode
623 3403 657 3466 in
671 3403 763 3466 rebrrs
776 3402 936 3466 humanis:
961 3405 995 3466 in
1013 3403 1241 3488 Philosophicis
1265 3417 1369 3469 autern
1383 3407 1630 3472 abstrahendum

325 3522 380 3576 ,est
391 3535 417 3576 a
430 3509 578 3574 sensibus.
623 3509 707 3574 Fieri
730 3511 843 3574 etenim
865 3521 977 3595 potest,
992 3521 1028 3574 ut
1041 3509 1162 3574 nullum
1176 3533 1283 3576 revera
1297 3513 1432 3598 quiescat
1446 3535 1568 3598 corpus,
1587 3516 1630 3579 ad

323 3617 420 3705 .quod
433 3617 503 3680 loca
516 3627 680 3702 motusque
694 3615 875 3680 referantur.

377 3723 621 3810 Distinguuntru
634 3733 738 3786 antem
758 3721 857 3797 Quies
870 3734 902 3786 et
917 3723 1026 3788 Motus
1040 3723 1172 3788 absoluti
1194 3735 1226 3788 et
1239 3725 1357 3790 relativi
1370 3726 1555 3791 abinvicem
1570 3749 1631 3812 per

337 3831 546 3914 Proprietates
568 3841 682 3893 suaset
698 3829 813 3894 Causas
828 3843 859 3894 et
874 3829 1019 3894 Effectus.
1064 3831 1187 3906 Quietis
1200 3833 1372 3917 proprietas
1386 3845 1441 3912 cst,
1457 3833 1542 3920 quod
1555 3855 1630 3898 ocr-

323 3959 414 4022 pora
439 3933 509 4000 verri
532 3935 719 4021 quiescentia
737 3937 898 4022 quiescunt
922 3937 1003 4000 inter
1021 3958 1063 4000 se.
1108 3937 1247 4024 Ideoque
1265 3961 1337 4002 oum
1357 3941 1501 4024 possibile
1514 3941 1568 4024 sit,
1593 3952 1629 4004 ut

324 4065 448 4128 ‚corpus
462 4041 588 4128 aliquod
602 4039 641 4104 in¹
650 4042 827 4129 regionibus
843 4043 1002 4120 Fixarum,
1018 4054 1073 4106 aut
1086 4043 1179 4130 longe
1202 4044 1293 4124 ultra,
1318 4047 1455 4132 quiescat
1467 4047 1609 4112 absoluti
1617 4071 1626 4122 ;
1647 4117 1652 4126 ,

322 4150 406 4214 sciri
421 4161 524 4214 autem
538 4169 602 4212 non
616 4148 713 4232 possit
727 4171 766 4212 ex
782 4149 843 4214 situ
857 4170 1024 4233 corporum
1038 4149 1078 4212 ad
1092 4151 1224 4214 invicem
1249 4151 1283 4214 in
1308 4153 1486 4239 regionibus
1500 4156 1624 4230 nostris,

336 4256 489 4320 horumne
502 4254 631 4340 aliquod
656 4255 697 4318 ad
720 4255 925 4342 longinquum
948 4255 1036 4319 illum
1051 4255 1156 4320 datam
1180 4258 1366 4341 positionem
1391 4274 1491 4324 servet
1515 4281 1623 4336 necne,

336 4363 423 4448 quies
439 4383 510 4426 vera
523 4383 564 4425 ex
577 4361 691 4426 horum
705 4361 766 4426 situ
779 4361 860 4425 inter
874 4384 906 4426 se
920 4361 1043 4428 definiri
1056 4363 1174 4448 nequit.

337 4557 402 4596 motu
414 4555 526 4610 tanquam
542 4547 650 4598 accurati
666 4548 793 4598 durationis
806 4549 916 4598 mensuri
931 4549 967 4598 uti
999 4567 1018 4600 e.
1028 4549 1230 4612 tempuspersolis
1235 4549 1404 4600 revolutionem
1410 4549 1580 4612 mensuratum)
1589 4549 1626 4596 in-

336 4627 463 4672 possemus.
510 4611 600 4659 Verhm
610 4629 733 4674 corporum
750 4611 877 4661 eoelestium
888 4623 912 4662 et
924 4615 967 4661 ho-
998 4615 1108 4674 tercedit;
1131 4631 1183 4677 ques
1200 4615 1296 4676 proindd
1312 4617 1411 4676 tempori
1427 4615 1521 4662 relativo
1534 4613 1624 4675 juncta.

336 4675 480 4738 rologiorum
489 4685 574 4730 motin,
593 4692 652 4737 quos
665 4677 695 4725 ad
706 4677 816 4738 temporis
832 4693 966 4725 mensuram
997 4679 1035 4726 vel
1045 4681 1075 4726 ab
1085 4694 1114 4726 eo
1125 4678 1240 4726 subducta
1249 4679 1343 4727 conficit
1352 4689 1445 4740 tempus
1459 4677 1592 4725 absolutum
1603 4689 1627 4726 et

336 4739 481 4794 adhibemus,
504 4739 559 4786 licct
575 4739 647 4801 vulgo
663 4751 823 4802 supponantur
835 4741 964 4804 aequabiles
997 4743 1047 4790 viee
1057 4741 1128 4790 versi.
1270 4780 1277 4792 .

336 4802 405 4850 variis
415 4811 494 4849 tamen
506 4817 533 4850 ex
545 4803 620 4850 causis
631 4805 788 4852 accelerantur
798 4803 834 4852 vel
847 4805 966 4852 retardan-
1030 4805 1074 4870 (ml
1093 4811 1130 4854 18.
1152 4805 1292 4868 Gyrantium
1306 4821 1429 4866 corpomm
1440 4813 1517 4865 partes
1527 4803 1626 4869 ungulo

336 4876 382 4921 tur,
394 4865 473 4927 sicque
483 4881 598 4914 mensure
609 4865 655 4914 illre
665 4868 772 4931 vulgares
782 4883 830 4915 non
840 4878 896 4916 mur
906 4878 965 4916 tem-
996 4869 1021 4916 in
1033 4869 1112 4916 orbitis
1122 4869 1255 4917 cumilineis
1264 4879 1393 4924 moventur,
1405 4868 1510 4930 adedque
1522 4871 1577 4934 (10)
1586 4883 1627 4930 per

337 4929 388 4992 pori
398 4929 505 4978 absoluto
515 4929 705 4991 proportionales.
997 4942 1119 4995 tangentes
1136 4933 1264 4981 orbitas-mn
1274 4931 1389 4996 progredi,
1401 4945 1471 4996 arque
1488 4933 1522 4980 ita
1538 4935 1568 4981 ab
1584 4947 1626 4980 uro

362 4995 392 5058 (r)
403 4999 439 5042 17.
450 4993 678 5056 AEquatiotemporis
684 4993 770 5042 dicitur
777 4994 908 5043 differentia
915 5011 969 5058 quse
1000 4995 1078 5044 moue
1088 4999 1196 5044 recedere
1206 4997 1329 5054 nitentum
1345 5005 1373 5044 ut
1383 4997 1403 5043 si
1410 4998 1504 5044 nochor
1509 4995 1547 5044 vel
1552 4997 1625 5057 sphr-

336 5057 398 5106 inter
405 5065 499 5119 ternpus
504 5057 636 5106 absolutum
642 5067 666 5106 et
677 5067 770 5119 tempus
782 5059 912 5116 rdstivum,
931 5061 966 5126 (h.
1000 5075 1027 5108 ra
1036 5061 1097 5108 eirea
1106 5076 1175 5109 uem
1185 5070 1281 5118 rorum,
1293 5059 1394 5124 dngrrle
1403 5061 1499 5110 illorum
1505 5073 1627 5122 corporum
