3572 5854
180 367 294 479 [rnna
309 409 474 490 Paratus]
521 351 763 478 saturnus
785 405 1158 476 MATHEMATIChz
1398 415 1457 478 stt

675 835 862 912 sscno
888 813 957 950 nr

250 1045 311 1118 De
328 1055 421 1120 motu
436 1066 624 1140 corporum
640 1043 772 1118 viribus
787 1044 985 1142 centripetir
1000 1065 1038 1118 se
1053 1052 1169 1118 motor
1181 1043 1378 1138 petentium.

216 1267 384 1333 Hactenus
398 1265 533 1350 exposui
547 1276 651 1328 motus
666 1286 833 1350 corporum
848 1275 1051 1330 attractorum
1066 1265 1108 1329 ad
1128 1277 1270 1329 centrum
1292 1263 1462 1342 immobile,

174 1377 266 1464 quale
281 1389 385 1441 tamen
400 1376 453 1440 vix
469 1387 555 1440 extat
568 1377 601 1440 in
616 1399 722 1441 rerum
737 1377 857 1442 notoni.
903 1377 1116 1443 Attrnctiones
1131 1378 1215 1443 enim
1229 1377 1298 1444 fleri
1312 1379 1413 1444 solent
1423 1379 1463 1444 ed

175 1503 327 1568 corporn3
349 1495 564 1566 etcorporum
578 1481 768 1546 trahentium
783 1494 1031 1548 etattraetornm
1045 1485 1181 1552 actiones
1204 1505 1327 1569 semper
1346 1497 1464 1548 mutuae

173 1605 248 1658 snut
262 1603 294 1656 et
308 1591 452 1678 aequales,
468 1613 525 1676 per
540 1591 642 1680 legem
655 1591 797 1658 tertiam:
820 1592 900 1657 adeo
914 1604 950 1656 ut
964 1615 1065 1680 neque
1080 1592 1237 1658 attrahens
1249 1593 1348 1677 possit
1361 1593 1464 1679 quies·

172 1719 243 1762 cere
257 1719 360 1784 neque
374 1709 548 1775 attractum,
564 1698 592 1762 si
613 1698 677 1764 duo
702 1698 763 1762 sint
781 1719 922 1784 corpora,
940 1697 996 1764 sed
1019 1689 1060 1784 (⁸5
1077 1697 1171 1763 ambo
1194 1703 1264 1784 (per
1277 1696 1383 1786 legum
1401 1699 1464 1764 Co·

173 1803 335 1868 rollarium
351 1803 508 1890 quartum)
531 1802 619 1890 quasi
644 1801 828 1868 attractione
852 1801 971 1880 mutui,
997 1805 1113 1870 circum
1138 1805 1296 1892 gravitatis
1322 1816 1463 1868 centrum

173 1932 340 1976 commune
355 1905 573 1975 resolvantur:
597 1922 628 1976 et
642 1910 669 1974 si
682 1909 775 1994 plura
789 1909 850 1973 sint
864 1932 1006 1995 corpora,
1029 1931 1101 1996 quoe
1121 1911 1172 1975 vel
1193 1911 1233 1975 ab
1256 1911 1348 1974 unico
1369 1923 1464 1975 attra-

170 2016 295 2093 hantur,
304 2029 344 2082 -et
357 2016 442 2081 idem
455 2015 623 2094 attrahant,
638 2016 688 2080 vel
702 2016 809 2084 omnia
823 2039 857 2082 se
871 2029 982 2082 mutuo
996 2015 1172 2093 attrahant3
1195 2015 1264 2080 haec
1278 2016 1322 2082 ita
1332 2016 1414 2082 inter
1425 2039 1459 2082 se

170 2127 289 2192 moveri
303 2125 449 2203 debeant,
466 2137 501 2190 ut
514 2125 673 2214 gravitatis
688 2136 828 2192 centrum
843 2147 1008 2192 commune
1025 2123 1079 2192 -rel
1105 2126 1253 2213 quiescat,
1276 2126 1326 2191 vel
1341 2126 1469 2190 unifors·

170 2237 263 2300 miter
277 2249 438 2301 moveatur
452 2237 486 2298 in
500 2234 664 2300 directum.
711 2235 784 2312 Qut
799 2235 840 2300 de
862 2236 955 2300 causi
973 2237 1040 2322 jam
1053 2257 1154 2323 pergo
1167 2248 1287 2300 motum
1302 2255 1463 2320 exponere

81 2424 85 2432 Ι
171 2367 338 2432 corporum
354 2366 388 2410 se
402 2357 512 2412 mutuo
536 2346 735 2422 trahentium,
760 2342 988 2410 considerando
1002 2344 1083 2408 vires
1106 2343 1292 2426 centripetas
1315 2335 1462 2428 tanquam

171 2455 377 2533 attractiones,
398 2459 539 2542 quamvis
554 2453 693 2530 sortasse,
710 2453 735 2516 si
749 2451 878 2539 physice
892 2453 1068 2538 loquamur,
1080 2451 1183 2515 verius
1193 2449 1336 2514 dicantur
1349 2451 1463 2536 impul-

171 2585 235 2631 sus.
279 2568 318 2632 ln
331 2563 558 2630 mathematicis
572 2563 656 2626 eninr
666 2563 733 2647 jam
747 2583 909 2626 versamur
920 2585 930 2638 3
953 2574 985 2626 et
1003 2573 1180 2647 propterea,
1200 2559 1300 2626 missis
1323 2559 1462 2643 ‹lisputa-

170 2674 307 2739 tionibus
329 2671 475 2761 physicis,
498 2669 643 2732 familiari
668 2669 786 2736 ntimur
810 2689 963 2748 sermone,
989 2691 1053 2756 quo
1077 2669 1231 2753 possimus
1254 2691 1274 2732 a
1295 2667 1462 2734 lectoribus

170 2781 397 2848 mathematicis
412 2777 530 2846 facilius
544 2773 685 2864 intelligi.

396 3043 682 3111 rnorosrmo
705 3042 813 3110 nvn.
858 3043 1131 3110 resonant
1154 3045 1236 3110 xx,
1285 3001 1286 3005 Ὺ

172 3237 307 3317 Corpora
331 3233 367 3314 (ἲ)
389 3235 446 3298 duo
459 3255 490 3297 se
504 3235 624 3297 invicem
638 3233 789 3296 trolmtia
805 3233 979 3310 matum,
1002 3243 1032 3298 et
1045 3235 1151 3297 citarem
1164 3253 1311 3296 commane
1331 3243 1459 3296 centrum

431 3342 603 3440 grauitatis,
619 3349 648 3405 et
657 3341 763 3404 circum
778 3361 809 3404 re
822 3335 1054 3425 medahflguros
1067 3342 1185 3405 similes.

217 3539 297 3603 Sunt
320 3535 360 3620 (⁸)
384 3535 466 3599 enim
483 3534 637 3616 distantiae
652 3555 819 3618 corporum
843 3557 862 3600 a
881 3534 1039 3598 communi
1064 3534 1224 3620 gravitatis
1249 3547 1358 3600 centro
1381 3537 1460 3600 reei-

170 3645 264 3733 proce
279 3643 528 3731 proportionales
544 3643 737 3730 corporibus,
753 3657 847 3730 atque
860 3643 932 3707 ideo
948 3643 979 3706 in
995 3641 1066 3706 dati
1082 3643 1201 3708 ratione
1216 3643 1257 3708 ad
1271 3643 1413 3723 invicem,
1429 3659 1462 3710 et

171 3753 389 3838 componendo
404 3751 436 3815 in
451 3751 523 3816 dart
538 3753 658 3816 ratione
673 3751 714 3816 ad
729 3751 906 3816 disurntiam
922 3761 1019 3814 totam
1033 3750 1115 3816 inter
1126 3773 1268 3836 corpora.
1304 3745 1461 3817 Feruntur

169 3875 273 3926 nutem
288 3860 340 3925 hae
354 3859 510 3924 distantiae
524 3860 641 3924 circum
656 3859 823 3925 termimun
838 3881 931 3924 suum
945 3881 1142 3924 communem
1161 3861 1274 3946 oequali
1296 3875 1382 3924 motu
1405 3883 1460 3924 nn·

169 3969 282 4056 gulari,
296 3981 465 4054 propterea
479 3969 563 4054 quod
577 3968 610 4032 in
625 3969 778 4034 directum
794 3991 917 4054 semper
934 3971 1074 4055 jacentes
1096 3992 1161 4034 non
1184 3983 1306 4034 mutant
1327 3969 1459 4036 inclina

204 4163 237 4229 (')
254 4167 269 4196 '
286 4162 328 4213 &tl
337 4167 402 4214 ambo
418 4164 472 4227 (prr
481 4167 523 4226 leg.
539 4166 610 4214 docel.
624 4167 666 4228 4.)
682 4180 747 4227 quon
761 4173 798 4212 ot·
829 4163 948 4228 pergendo
958 4161 988 4212 de
1000 4163 1017 4212 S
1028 4164 1058 4212 ad
1070 4163 1092 4213 T
1103 4175 1126 4212 et
1141 4161 1171 4210 (le
1184 4163 1245 4211 Pati
1258 4163 1291 4220 Q,
1307 4161 1394 4210 similas
1403 4176 1459 4216 sunt

168 4232 281 4279 tructione
290 4229 372 4278 matut
388 4228 425 4276 vel
436 4227 466 4276 ad
477 4227 612 4276 seinvicem
620 4227 681 4275 reati
692 4225 754 4274 tinet
764 4227 798 4276 la·
830 4229 867 4274 hm
882 4227 965 4292 figura·
979 4239 1086 4290 quatuor,
1104 4226 1215 4276 nimirum
1233 4227 1255 4276 Ρ
1276 4227 1301 4283 Q
1318 4227 1346 4283 C,
1365 4227 1382 4275 S
1394 4229 1417 4277 T
1429 4231 1457 4288 C.

168 4302 259 4348 rantur,
271 4292 315 4349 vel,
327 4292 347 4338 si
357 4293 458 4342 amburi
474 4290 586 4352 impressi
598 4290 692 4353 obliqui
707 4291 799 4355 projiet-
830 4307 888 4354 quas
898 4307 994 4351 corpora
1011 4293 1028 4339 S
1046 4303 1069 4338 et
1087 4291 1110 4344 P
1125 4293 1185 4338 circa
1200 4305 1327 4339 commune
1340 4293 1459 4354 porinus

169 4367 250 4412 untur,
262 4359 348 4404 mean
358 4357 474 4416 gravitatis
490 4366 595 4406 semmaa
611 4372 732 4405 camorana
747 4358 799 4420 qui·
830 4366 937 4404 centrum
950 4356 970 4403 C
981 4355 1121 4413 describunt,
1138 4367 1189 4404 tum
1200 4355 1274 4418 ligura
1291 4367 1308 4416 p
1323 4357 1458 4420 QTquan

168 4420 449 4484 cremauermymmr'ter
456 4421 764 4482 progredirasrenloaotur.
830 4433 915 4480 corpur
938 4417 959 4467 P
978 4419 1086 4466 describit
1103 4420 1164 4468 circa
1184 4433 1269 4480 corpus
1291 4424 1309 4470 a
1329 4431 1466 4482 spectatum

202 4485 235 4546 (²)
252 4487 266 4514 ⁰
286 4487 385 4544 corpora
401 4487 454 4532 dua
489 4483 504 4542 Ι
511 4487 559 4532 Vid.
569 4487 617 4548 fig.
630 4485 656 4532 ia
666 4485 715 4531 snb.
725 4487 798 4594 mi
830 4491 941 4560 tanquam
959 4482 1091 4539 immotum,
1110 4493 1134 4530 et
1150 4483 1227 4546 ligura
1242 4501 1262 4531 a·
1273 4482 1296 4532 Τ
1308 4484 1340 4544 Q.
1357 4499 1428 4549 quarn
1440 4485 1458 4536 8

171 4545 197 4594 Si
212 4561 307 4609 corpora
318 4547 366 4594 duo
379 4547 403 4604 S.
423 4545 444 4594 P
454 4561 479 4594 sa
490 4547 589 4594 invicem
600 4546 712 4594 odientia
723 4561 777 4594 revo
829 4545 890 4594 circa
901 4545 924 4594 Ρ
934 4546 1039 4594 similiter
1049 4555 1178 4607 spectatum
1189 4545 1303 4596 cloaribit.

168 4609 479 4659 amuudreleommune
500 4609 618 4674 porinus
639 4620 746 4659 ceruum
769 4611 798 4668 C,
862 4611 1456 4676 (sponatanee-«ammaeen-
1551 4662 1560 4684 ἱ

790 4673 841 4722 Ut
