3572 5854
306 513 367 569 326
506 557 512 564 .
609 495 953 566 PHILOSOPHIAE
977 489 1252 560 NATURALIS
1319 483 1427 566 [Mor.
1446 481 1600 548 Courou.

304 693 436 757 rentem,
452 677 547 764 idque
562 699 601 742 eo
614 675 725 762 magis,
741 697 805 761 qno
819 673 919 757 major
933 675 987 735 est'
1000 665 1163 754 proportio
1184 662 1279 748 hujus
1298 659 1345 724 vis
1367 657 1410 722 ad
1432 655 1497 720 vim
1518 654 1604 740 prio·

303 809 382 866 rem,
407 785 527 850 caeteris
553 784 692 869 paribus.
739 781 878 847 Proinde
904 801 976 843 oum
999 783 1068 863 (per
1096 774 1192 858 Prop.
1220 769 1285 836 XI.
1311 783 1344 834 et
1366 787 1424 853 per
1447 765 1556 830 Corol.
1571 773 1604 828 9.

306 893 425 960 Theor.
442 893 557 974 XXI.)
582 892 638 970 vis,
655 889 716 977 qual
735 889 852 974 ellipsis
876 888 959 952 circa
981 883 1167 949 umbilicum
1192 879 1226 946 Τ
1249 877 1446 955 describitur,
1474 873 1605 939 tendere

305 1003 418 1069 debeat
433 1002 475 1067 ad
488 1001 671 1066 umbilicum
685 999 786 1076 illum,
801 1011 834 1062 et
847 1019 917 1061 esse
930 991 1085 1082 quadrato
1099 987 1256 1056 distantiae
1273 986 1343 1053 PT
1356 981 1516 1069 reciprocd
1530 1003 1611 1067 pro·¹

307 1910 509 1998 portionalis3
537 1911 583 1978 vis
598 1911 653 1976 illa
674 1912 856 1998 composiba,
883 1908 1059 1978 aberrando
1082 1909 1123 1975 ab
1145 1907 1206 1976 haic
1230 1909 1445 1996 proportione,
1460 1907 1551 1974 faciet
1575 1921 1612 1974 ut

310 2023 395 2087 orbis
413 2021 441 2087 P
457 2023 489 2086 A
505 2022 534 2086 B
549 2021 674 2088 aberret
687 2045 708 2086 a
721 2021 822 2086 formal
847 2021 991 2106 ellipseos
1015 2019 1198 2084 umbilicum
1224 2018 1368 2084 habentis
1394 2019 1427 2082 in
1446 2016 1494 2095 T3
1515 2017 1611 2103 idque

310 2149 349 2194 eo
364 2127 475 2216 magis,
491 2149 556 2214 quo
570 2129 671 2213 major
686 2139 734 2193 est
749 2128 906 2194 aberratio
921 2127 961 2191 ab
975 2125 1036 2191 hta
1056 2126 1281 2211 proportione;
1305 2137 1398 2212 atque
1422 2125 1494 2190 ideo
1518 2124 1613 2190 etiam

310 2256 374 2320 quo
388 2237 488 2320 major
503 2247 552 2300 est
566 2234 731 2319 proportio
749 2235 795 2299 vis
811 2233 958 2298 secunda
973 2231 1004 2297 L
1019 2231 1059 2296 M
1074 2233 1115 2298 ad
1130 2233 1193 2297 vim
1217 2234 1362 2318 primam,
1388 2233 1509 2298 caeteris
1531 2232 1617 2317 pari-

310 2341 379 2405 bus.
423 2340 495 2404 Jam
511 2361 587 2406 vero
601 2341 649 2404 vis
664 2339 758 2404 tertia
775 2340 799 2404 S
817 2339 868 2419 M,
885 2337 1039 2404 trahendo
1054 2359 1168 2424 corpus
1186 2338 1215 2403 P
1229 2337 1401 2404 secundum
1419 2337 1532 2402 lineam
1557 2339 1618 2422 ipsi

314 2451 338 2516 S
354 2449 386 2514 T
400 2449 594 2535 parallelam,
610 2460 780 2533 componet
794 2469 866 2512 cum
880 2445 1037 2533 prioribus
1053 2445 1126 2523 vim,
1142 2467 1214 2532 quae
1228 2467 1293 2510 non
1314 2445 1447 2531 amplius
1471 2445 1620 2534 dirigitur

314 2558 425 2622 aPia
441 2557 490 2634 T;
513 2577 647 2643 quoeque
662 2557 704 2621 ab
729 2556 790 2620 hac
815 2555 1076 2620 determinatione
1102 2567 1190 2620 tanto
1214 2554 1314 2644 magis
1337 2547 1482 2633 aberrat*
1499 2567 1620 2642 quanto

313 2667 414 2747 major
428 2677 476 2728 est
490 2664 654 2749 proportio
669 2663 762 2748 hujus
777 2664 880 2728 tertia
896 2664 941 2728 vis
956 2663 997 2728 ad
1013 2662 1093 2727 vires
1108 2663 1239 2747 priores,
1264 2663 1384 2728 caeteris
1398 2661 1546 2748 paribus:
1571 2675 1620 2726 at-

313 2793 376 2855 que
392 2769 464 2834 ideo
479 2792 551 2855 quar
565 2771 659 2836 faciet
674 2783 709 2836 ut
723 2791 838 2855 corpus
855 2770 893 2848 P,
910 2769 999 2834 radio
1015 2768 1047 2834 T
1064 2767 1100 2847 P,
1117 2791 1204 2834 areas
1224 2790 1289 2833 non
1313 2770 1446 2855 amplius
1470 2771 1620 2854 tempori-

315 2875 374 2940 bus
388 2853 639 2960 proportionales
655 2877 831 2954 describam
854 2889 948 2962 atque
963 2891 999 2940 ut
1013 2875 1169 2940 aberratio
1183 2875 1224 2940 ab
1246 2875 1306 2940 htc
1328 2875 1619 2962 proportionalitate

315 2997 403 3050 tanto
418 2986 519 3070 major
533 2985 583 3062 sit,
600 2997 718 3072 quanto
732 2986 833 3070 major
848 2997 896 3048 est
910 2983 1074 3068 proportio
1088 2983 1134 3046 vis
1156 2983 1249 3069 hujus
1272 2985 1373 3049 tertioe
1395 2985 1436 3048 ad
1458 2985 1535 3050 vires
1555 3007 1619 3048 cae-

316 3105 407 3158 teras.
452 3092 551 3156 Orbis
564 3091 641 3157 vend
658 3093 685 3157 P
702 3095 733 3156 A
751 3093 780 3158 B
795 3092 1028 3156 aberrationem
1044 3114 1063 3154 a
1077 3087 1178 3156 formai
1194 3092 1331 3179 ellipticrl
1345 3093 1476 3180 praefati
1490 3093 1560 3158 hoec
1574 3095 1622 3157 vis

316 3201 409 3268 tertia
423 3199 542 3284 duplici
556 3199 597 3265 de
611 3199 705 3264 carisi
720 3199 901 3287 adaugebit,
918 3211 986 3264 tum
997 3199 1087 3286 quod
1110 3221 1176 3264 non
1198 3201 1352 3291 dirigatur
1375 3227 1395 3266 a
1421 3203 1449 3268 P
1465 3201 1505 3266 ad
1520 3203 1562 3281 T,
1586 3203 1621 3283 (¹)

317 3325 384 3376 tum
399 3312 493 3376 etiam
509 3310 595 3398 quod
609 3331 676 3374 non
691 3311 731 3374 sit
746 3307 906 3393 reciproce
921 3289 1164 3394 proportionalis
1187 3310 1340 3396 quadrato
1364 3310 1518 3376 distantiae
1535 3313 1563 3378 P
1579 3311 1622 3376 T.

319 3421 444 3496 Quibus
459 3420 636 3498 intellectis,
653 3419 855 3485 manifestum
879 3430 936 3496 est,
954 3417 1039 3504 quod
1065 3439 1148 3482 areae
1172 3419 1366 3503 temporibus
1391 3435 1459 3484 tum
1485 3420 1624 3484 maximi

319 3527 400 3591 fiunt
413 3527 676 3612 proportionales,
693 3526 747 3591 ubi
763 3527 809 3592 vis
824 3525 926 3603 tertia,
943 3523 1625 3606 manentibusviribuscaeteris,litminin1a;

319 3644 351 3698 et
365 3633 451 3718 quod
465 3631 551 3696 orbis
569 3634 596 3698 P
612 3633 643 3696 A
661 3633 689 3698 B
704 3647 772 3698 tum
787 3631 925 3696 maxime
941 3631 1061 3695 accedit
1071 3631 1112 3695 ad
1123 3631 1285 3716 praelatam
1297 3631 1431 3699 sormam
1442 3635 1624 3720 ellipticam,

319 3739 434 3804 ubivis
450 3749 514 3802 tam
530 3737 776 3824 secundaquam
798 3739 902 3815 tertia,
926 3736 981 3802 sed
1003 3736 1162 3822 praecipue
1189 3739 1234 3802 ris
1260 3739 1353 3804 tertia
1378 3741 1415 3806 fit
1438 3742 1577 3822 minima,
1593 3741 1627 3806 vi

318 3846 421 3933 primia
435 3858 591 3910 manente.

365 3955 553 4041 Exponatur
568 3953 710 4038 corporis
726 3953 758 4020 T
772 3955 919 4020 attractio
935 3953 1139 4021 acceleratrix
1155 3976 1262 4022 versus
1280 3957 1375 4042 Sper
1396 3957 1512 4023 lineam
1534 3959 1558 4024 S
1573 3958 1625 4037 N;

320 4076 352 4128 et
369 4065 395 4127 si
410 4063 612 4128 attractiones
627 4061 860 4127 acceleratrices
878 4064 901 4128 S
918 4063 968 4142 M,
986 4065 1009 4128 S
1026 4063 1058 4128 N
1078 4063 1214 4152 aequales
1237 4079 1341 4131 essent
1351 4091 1361 4144 ;
1383 4065 1445 4145 lue,
1468 4067 1625 4131 trahendo

320 4192 455 4255 corpora
470 4170 502 4232 'l'
513 4169 583 4234 etP
597 4168 761 4255 aequaliter
775 4182 808 4233 et
822 4169 997 4234 secundum
1012 4169 1110 4235 lineas
1124 4173 1299 4256 parallelas,
1310 4173 1355 4237 nil
1365 4185 1525 4238 mutarent
1532 4174 1628 4240 situm

321 4303 432 4346 eorum
447 4279 647 4345 adinvicem.
694 4279 795 4344 Iidem
807 4279 874 4366 jam
889 4279 994 4364 forent
1017 4305 1186 4367 corporum
1210 4283 1334 4348 illorum
1361 4297 1465 4350 motus
1487 4285 1570 4350 inter
1594 4307 1629 4352 se

355 4491 388 4556 (¹)
404 4496 460 4541 496.
485 4492 550 4540 Tum
568 4495 639 4541 etlam
658 4494 719 4554 quod
737 4507 785 4540 noa
803 4491 831 4538 sit
848 4487 961 4550 minori
994 4485 1049 4536 Sli
1061 4490 1072 4523 ³
1086 4495 1111 4545 χ
1127 4489 1179 4537 sT
1295 4529 1303 4546 ,
1334 4529 1340 4544 ,
1497 4531 1504 4544 ,

318 4557 501 4618 maenaa.
513 4557 557 4602 ac.
595 4557 658 4602 nam
671 4558 691 4604 ι’
704 4557 726 4603 'r
737 4565 772 4604 aa
783 4554 813 4602 au
826 4556 842 4600 s
855 4555 878 4602 'r
889 4564 916 4602 ut
927 4556 961 4602 vn
992 4551 1185 4615 “Tri--
1223 4529 1304 4586 Quae
1319 4547 1353 4580 '¹⁵
1370 4531 1438 4592 ⁵³¹2
1455 4531 1517 4582 ἂψ*
1534 4533 1592 4585 81(
1607 4543 1633 4586 ⁸⁸

325 4619 961 4683 LMcntadvimSM‚sed(495)risLMcstut
1177 4639 1187 4680 1

325 4683 521 4809 &sl-ff]
553 4731 577 4769 tt
604 4720 702 4783 proinde
728 4723 762 4769 vis
786 4723 803 4770 s
826 4723 854 4770 Μ
877 4731 912 4770 3,
934 4731 961 4770 ut
994 4669 1222 4761 ST'muthr'i
