<?xml version="1.0" encoding="UTF-8"?>
<!DOCTYPE html PUBLIC "-//W3C//DTD XHTML 1.0 Transitional//EN"
    "http://www.w3.org/TR/xhtml1/DTD/xhtml1-transitional.dtd">
<html xmlns="http://www.w3.org/1999/xhtml" xml:lang="en" lang="en">
 <head>
  <title>
</title>
<meta http-equiv="Content-Type" content="text/html;charset=utf-8" />
  <meta name='ocr-system' content='tesseract 3.04.00' />
  <meta name='ocr-capabilities' content='ocr_page ocr_carea ocr_par ocr_line ocrx_word'/>
</head>
<body>
  <div class='ocr_page' id='page_1' title='image "./philosophinatur00wriggoog_0031.png"; bbox 0 0 3580 5866; ppageno 0'>
   <div class='ocr_carea' id='block_1_1' title="bbox 310 455 1080 564">
    <p class='ocr_par' dir='ltr' id='par_1_1' title="bbox 310 455 1080 564">
     <span class='ocr_line' id='line_1_1' title="bbox 310 455 1080 564; baseline 0.008 -8"><span class='ocrx_word' id='word_1_1' title='bbox 310 455 413 557; x_wconf 63' lang='lat' dir='ltr'><strong>mr‘</strong></span> <span class='ocrx_word' id='word_1_2' title='bbox 840 492 1080 564; x_wconf 79' lang='lat' dir='ltr'><strong>anmoins</strong></span> 
     </span>
    </p>
   </div>
   <div class='ocr_carea' id='block_1_2' title="bbox 260 663 1620 4747">
    <p class='ocr_par' dir='ltr' id='par_1_2' title="bbox 311 663 1596 969">
     <span class='ocr_line' id='line_1_2' title="bbox 311 663 1596 754; baseline 0.003 -22"><span class='ocrx_word' id='word_1_3' title='bbox 311 663 408 752; x_wconf 83' lang='lat' dir='ltr'><strong>igitur</strong></span> <span class='ocrx_word' id='word_1_4' title='bbox 422 668 583 732; x_wconf 87' lang='lat' dir='ltr'><strong>immotam</strong></span> <span class='ocrx_word' id='word_1_5' title='bbox 596 673 674 734; x_wconf 82' lang='lat' dir='ltr'><strong>esse.</strong></span> <span class='ocrx_word' id='word_1_6' title='bbox 725 666 919 752; x_wconf 77' lang='lat' dir='ltr'><strong>Nartiquam</strong></span> <span class='ocrx_word' id='word_1_7' title='bbox 928 666 1069 752; x_wconf 84' lang='lat' dir='ltr'><strong>profecth</strong></span> <span class='ocrx_word' id='word_1_8' title='bbox 1083 665 1185 751; x_wconf 80' lang='lat' dir='ltr'><strong>poturit</strong></span> <span class='ocrx_word' id='word_1_9' title='bbox 1197 665 1274 732; x_wconf 88' lang='lat' dir='ltr'><strong>oriri</strong></span> <span class='ocrx_word' id='word_1_10' title='bbox 1287 670 1434 747; x_wconf 85' lang='lat' dir='ltr'><strong>mundus,</strong></span> <span class='ocrx_word' id='word_1_11' title='bbox 1450 667 1596 754; x_wconf 86' lang='lat' dir='ltr'><strong>pulcher·</strong></span> 
     </span>
     <span class='ocr_line' id='line_1_3' title="bbox 311 772 1596 852; baseline 0.004 -15"><span class='ocrx_word' id='word_1_12' title='bbox 311 772 390 840; x_wconf 89' lang='lat' dir='ltr'><strong>rima</strong></span> <span class='ocrx_word' id='word_1_13' title='bbox 403 776 573 850; x_wconf 82' lang='lat' dir='ltr'><strong>formarum</strong></span> <span class='ocrx_word' id='word_1_14' title='bbox 587 789 620 842; x_wconf 89' lang='lat' dir='ltr'><strong>et</strong></span> <span class='ocrx_word' id='word_1_15' title='bbox 634 787 776 842; x_wconf 87' lang='lat' dir='ltr'><strong>motuum</strong></span> <span class='ocrx_word' id='word_1_16' title='bbox 790 775 938 840; x_wconf 82' lang='lat' dir='ltr'><strong>varietate</strong></span> <span class='ocrx_word' id='word_1_17' title='bbox 952 774 1125 852; x_wconf 71' lang='lat' dir='ltr'><strong>maneos,</strong></span> <span class='ocrx_word' id='word_1_18' title='bbox 1140 773 1201 840; x_wconf 89' lang='lat' dir='ltr'><strong>nisi</strong></span> <span class='ocrx_word' id='word_1_19' title='bbox 1214 795 1256 840; x_wconf 85' lang='lat' dir='ltr'><strong>ex</strong></span> <span class='ocrx_word' id='word_1_20' title='bbox 1267 774 1425 842; x_wconf 78' lang='lat' dir='ltr'><strong>liberrimi</strong></span> <span class='ocrx_word' id='word_1_21' title='bbox 1436 776 1596 844; x_wconf 80' lang='lat' dir='ltr'><strong>voluntate</strong></span> 
     </span>
     <span class='ocr_line' id='line_1_4' title="bbox 311 883 975 969; baseline 0 -23"><span class='ocrx_word' id='word_1_22' title='bbox 311 894 424 946; x_wconf 81' lang='lat' dir='ltr'><strong>currcta</strong></span> <span class='ocrx_word' id='word_1_23' title='bbox 437 883 629 968; x_wconf 85' lang='lat' dir='ltr'><strong>prouidentia</strong></span> <span class='ocrx_word' id='word_1_24' title='bbox 643 897 677 948; x_wconf 87' lang='lat' dir='ltr'><strong>et</strong></span> <span class='ocrx_word' id='word_1_25' title='bbox 689 883 891 969; x_wconf 78' lang='lat' dir='ltr'><strong>gubernantis</strong></span> <span class='ocrx_word' id='word_1_26' title='bbox 902 883 975 948; x_wconf 91' lang='lat' dir='ltr'><strong>Dei.</strong></span> 
     </span>
    </p>

    <p class='ocr_par' dir='ltr' id='par_1_3' title="bbox 260 989 1620 2905">
     <span class='ocr_line' id='line_1_5' title="bbox 355 989 1594 1082; baseline 0.002 -26"><span class='ocrx_word' id='word_1_27' title='bbox 355 989 409 1056; x_wconf 83' lang='lat' dir='ltr'><strong>Ex</strong></span> <span class='ocrx_word' id='word_1_28' title='bbox 420 989 481 1054; x_wconf 92' lang='lat' dir='ltr'><strong>hoo</strong></span> <span class='ocrx_word' id='word_1_29' title='bbox 495 991 589 1077; x_wconf 89' lang='lat' dir='ltr'><strong>igitur</strong></span> <span class='ocrx_word' id='word_1_30' title='bbox 598 991 684 1056; x_wconf 86' lang='lat' dir='ltr'><strong>fonte</strong></span> <span class='ocrx_word' id='word_1_31' title='bbox 693 1003 919 1076; x_wconf 71' lang='lat' dir='ltr'><strong>promanarunt</strong></span> <span class='ocrx_word' id='word_1_32' title='bbox 927 991 990 1056; x_wconf 78' lang='lat' dir='ltr'><strong>illae</strong></span> <span class='ocrx_word' id='word_1_33' title='bbox 1000 1013 1109 1060; x_wconf 83' lang='lat' dir='ltr'><strong>omncs</strong></span> <span class='ocrx_word' id='word_1_34' title='bbox 1121 1013 1192 1079; x_wconf 79' lang='lat' dir='ltr'><strong>quos</strong></span> <span class='ocrx_word' id='word_1_35' title='bbox 1202 993 1348 1060; x_wconf 88' lang='lat' dir='ltr'><strong>dicuntur</strong></span> <span class='ocrx_word' id='word_1_36' title='bbox 1358 1007 1479 1062; x_wconf 85' lang='lat' dir='ltr'><strong>naturae</strong></span> <span class='ocrx_word' id='word_1_37' title='bbox 1489 994 1574 1082; x_wconf 86' lang='lat' dir='ltr'><strong>leges</strong></span> <span class='ocrx_word' id='word_1_38' title='bbox 1584 1015 1594 1058; x_wconf 78' lang='lat' dir='ltr'><strong>r</strong></span> 
     </span>
     <span class='ocr_line' id='line_1_6' title="bbox 310 1097 1594 1188; baseline 0.005 -26"><span class='ocrx_word' id='word_1_39' title='bbox 310 1099 343 1162; x_wconf 93' lang='lat' dir='ltr'><strong>in</strong></span> <span class='ocrx_word' id='word_1_40' title='bbox 353 1099 468 1182; x_wconf 69' lang='lat' dir='ltr'><strong>quihus</strong></span> <span class='ocrx_word' id='word_1_41' title='bbox 482 1099 578 1163; x_wconf 81' lang='lat' dir='ltr'><strong>multa</strong></span> <span class='ocrx_word' id='word_1_42' title='bbox 593 1097 668 1164; x_wconf 71' lang='lat' dir='ltr'><strong>sane</strong></span> <span class='ocrx_word' id='word_1_43' title='bbox 682 1099 899 1184; x_wconf 72' lang='lat' dir='ltr'><strong>sapientissimi</strong></span> <span class='ocrx_word' id='word_1_44' title='bbox 913 1100 1042 1177; x_wconf 89' lang='lat' dir='ltr'><strong>consilii,</strong></span> <span class='ocrx_word' id='word_1_45' title='bbox 1058 1099 1146 1166; x_wconf 88' lang='lat' dir='ltr'><strong>nulla</strong></span> <span class='ocrx_word' id='word_1_46' title='bbox 1158 1102 1346 1168; x_wconf 73' lang='lat' dir='ltr'><strong>necessitatis</strong></span> <span class='ocrx_word' id='word_1_47' title='bbox 1361 1115 1514 1188; x_wconf 88' lang='lat' dir='ltr'><strong>apparent</strong></span> <span class='ocrx_word' id='word_1_48' title='bbox 1523 1125 1594 1169; x_wconf 86' lang='lat' dir='ltr'><strong>ues-</strong></span> 
     </span>
     <span class='ocr_line' id='line_1_7' title="bbox 310 1206 1595 1294; baseline 0.004 -23"><span class='ocrx_word' id='word_1_49' title='bbox 310 1207 394 1294; x_wconf 82' lang='lat' dir='ltr'><strong>tigia.</strong></span> <span class='ocrx_word' id='word_1_50' title='bbox 440 1207 511 1272; x_wconf 86' lang='lat' dir='ltr'><strong>Has</strong></span> <span class='ocrx_word' id='word_1_51' title='bbox 533 1206 665 1291; x_wconf 84' lang='lat' dir='ltr'><strong>proinde</strong></span> <span class='ocrx_word' id='word_1_52' title='bbox 678 1229 751 1272; x_wconf 83' lang='lat' dir='ltr'><strong>non</strong></span> <span class='ocrx_word' id='word_1_53' title='bbox 770 1208 810 1272; x_wconf 88' lang='lat' dir='ltr'><strong>ab</strong></span> <span class='ocrx_word' id='word_1_54' title='bbox 829 1209 954 1274; x_wconf 88' lang='lat' dir='ltr'><strong>incertis</strong></span> <span class='ocrx_word' id='word_1_55' title='bbox 975 1207 1161 1292; x_wconf 87' lang='lat' dir='ltr'><strong>conjecturis</strong></span> <span class='ocrx_word' id='word_1_56' title='bbox 1183 1219 1300 1292; x_wconf 87' lang='lat' dir='ltr'><strong>petere,</strong></span> <span class='ocrx_word' id='word_1_57' title='bbox 1321 1209 1377 1274; x_wconf 87' lang='lat' dir='ltr'><strong>sed</strong></span> <span class='ocrx_word' id='word_1_58' title='bbox 1397 1209 1595 1276; x_wconf 78' lang='lat' dir='ltr'><strong>observando.</strong></span> 
     </span>
     <span class='ocr_line' id='line_1_8' title="bbox 311 1312 1593 1404; baseline 0.002 -26"><span class='ocrx_word' id='word_1_59' title='bbox 311 1325 403 1399; x_wconf 88' lang='lat' dir='ltr'><strong>atque</strong></span> <span class='ocrx_word' id='word_1_60' title='bbox 417 1312 606 1398; x_wconf 85' lang='lat' dir='ltr'><strong>experiendo</strong></span> <span class='ocrx_word' id='word_1_61' title='bbox 619 1313 779 1380; x_wconf 75' lang='lat' dir='ltr'><strong>addiscere</strong></span> <span class='ocrx_word' id='word_1_62' title='bbox 793 1314 952 1380; x_wconf 83' lang='lat' dir='ltr'><strong>debemus.</strong></span> <span class='ocrx_word' id='word_1_63' title='bbox 997 1315 1063 1390; x_wconf 80' lang='lat' dir='ltr'><strong>Qui</strong></span> <span class='ocrx_word' id='word_1_64' title='bbox 1077 1335 1160 1379; x_wconf 79' lang='lat' dir='ltr'><strong>verte</strong></span> <span class='ocrx_word' id='word_1_65' title='bbox 1170 1314 1309 1400; x_wconf 86' lang='lat' dir='ltr'><strong>physicae</strong></span> <span class='ocrx_word' id='word_1_66' title='bbox 1327 1316 1479 1401; x_wconf 88' lang='lat' dir='ltr'><strong>principia</strong></span> <span class='ocrx_word' id='word_1_67' title='bbox 1492 1317 1593 1404; x_wconf 87' lang='lat' dir='ltr'><strong>leges·</strong></span> 
     </span>
     <span class='ocr_line' id='line_1_9' title="bbox 310 1421 1593 1505; baseline 0.003 -21"><span class='ocrx_word' id='word_1_68' title='bbox 310 1441 372 1505; x_wconf 89' lang='lat' dir='ltr'><strong>que</strong></span> <span class='ocrx_word' id='word_1_69' title='bbox 390 1441 506 1498; x_wconf 91' lang='lat' dir='ltr'><strong>rerum,</strong></span> <span class='ocrx_word' id='word_1_70' title='bbox 530 1421 597 1487; x_wconf 83' lang='lat' dir='ltr'><strong>sola</strong></span> <span class='ocrx_word' id='word_1_71' title='bbox 617 1424 729 1488; x_wconf 86' lang='lat' dir='ltr'><strong>mentis</strong></span> <span class='ocrx_word' id='word_1_72' title='bbox 750 1424 782 1486; x_wconf 87' lang='lat' dir='ltr'><strong>vi</strong></span> <span class='ocrx_word' id='word_1_73' title='bbox 798 1435 831 1488; x_wconf 89' lang='lat' dir='ltr'><strong>et</strong></span> <span class='ocrx_word' id='word_1_74' title='bbox 844 1424 968 1488; x_wconf 89' lang='lat' dir='ltr'><strong>interno</strong></span> <span class='ocrx_word' id='word_1_75' title='bbox 982 1422 1111 1488; x_wconf 86' lang='lat' dir='ltr'><strong>rationis</strong></span> <span class='ocrx_word' id='word_1_76' title='bbox 1124 1421 1243 1486; x_wconf 84' lang='lat' dir='ltr'><strong>lumina</strong></span> <span class='ocrx_word' id='word_1_77' title='bbox 1257 1422 1382 1501; x_wconf 84' lang='lat' dir='ltr'><strong>fretum,</strong></span> <span class='ocrx_word' id='word_1_78' title='bbox 1398 1423 1536 1488; x_wconf 86' lang='lat' dir='ltr'><strong>irruenirs</strong></span> <span class='ocrx_word' id='word_1_79' title='bbox 1558 1447 1593 1488; x_wconf 91' lang='lat' dir='ltr'><strong>se</strong></span> 
     </span>
     <span class='ocr_line' id='line_1_10' title="bbox 308 1527 1591 1614; baseline 0.004 -22"><span class='ocrx_word' id='word_1_80' title='bbox 308 1547 402 1612; x_wconf 84' lang='lat' dir='ltr'><strong>posse</strong></span> <span class='ocrx_word' id='word_1_81' title='bbox 414 1527 561 1604; x_wconf 81' lang='lat' dir='ltr'><strong>confidit3</strong></span> <span class='ocrx_word' id='word_1_82' title='bbox 583 1529 669 1594; x_wconf 87' lang='lat' dir='ltr'><strong>hunc</strong></span> <span class='ocrx_word' id='word_1_83' title='bbox 689 1538 813 1614; x_wconf 87' lang='lat' dir='ltr'><strong>oportet</strong></span> <span class='ocrx_word' id='word_1_84' title='bbox 833 1531 883 1596; x_wconf 83' lang='lat' dir='ltr'><strong>vel</strong></span> <span class='ocrx_word' id='word_1_85' title='bbox 905 1543 1039 1596; x_wconf 77' lang='lat' dir='ltr'><strong>statuisse</strong></span> <span class='ocrx_word' id='word_1_86' title='bbox 1060 1530 1213 1600; x_wconf 83' lang='lat' dir='ltr'><strong>mundum</strong></span> <span class='ocrx_word' id='word_1_87' title='bbox 1234 1553 1275 1596; x_wconf 89' lang='lat' dir='ltr'><strong>ex</strong></span> <span class='ocrx_word' id='word_1_88' title='bbox 1289 1532 1472 1598; x_wconf 74' lang='lat' dir='ltr'><strong>necessitate</strong></span> <span class='ocrx_word' id='word_1_89' title='bbox 1486 1532 1591 1609; x_wconf 80' lang='lat' dir='ltr'><strong>fiisse,</strong></span> 
     </span>
     <span class='ocr_line' id='line_1_11' title="bbox 260 1634 1594 1725; baseline 0.005 -28"><span class='ocrx_word' id='word_1_90' title='bbox 260 1686 264 1694; x_wconf 89' lang='lat'><em>.</em></span> <span class='ocrx_word' id='word_1_91' title='bbox 309 1634 456 1721; x_wconf 78' lang='lat' dir='ltr'><strong>legesque</strong></span> <span class='ocrx_word' id='word_1_92' title='bbox 469 1637 642 1722; x_wconf 81' lang='lat' dir='ltr'><strong>propositas</strong></span> <span class='ocrx_word' id='word_1_93' title='bbox 657 1659 698 1702; x_wconf 84' lang='lat' dir='ltr'><strong>ex</strong></span> <span class='ocrx_word' id='word_1_94' title='bbox 712 1638 821 1704; x_wconf 87' lang='lat' dir='ltr'><strong>eadem</strong></span> <span class='ocrx_word' id='word_1_95' title='bbox 835 1641 1017 1706; x_wconf 69' lang='lat' dir='ltr'><strong>necessitate</strong></span> <span class='ocrx_word' id='word_1_96' title='bbox 1029 1640 1135 1725; x_wconf 85' lang='lat' dir='ltr'><strong>sequi;</strong></span> <span class='ocrx_word' id='word_1_97' title='bbox 1150 1641 1200 1704; x_wconf 91' lang='lat' dir='ltr'><strong>vel</strong></span> <span class='ocrx_word' id='word_1_98' title='bbox 1214 1641 1241 1704; x_wconf 90' lang='lat' dir='ltr'><strong>si</strong></span> <span class='ocrx_word' id='word_1_99' title='bbox 1254 1661 1312 1724; x_wconf 89' lang='lat' dir='ltr'><strong>per</strong></span> <span class='ocrx_word' id='word_1_100' title='bbox 1324 1639 1516 1708; x_wconf 87' lang='lat' dir='ltr'><strong>voluntatem</strong></span> <span class='ocrx_word' id='word_1_101' title='bbox 1528 1640 1594 1706; x_wconf 91' lang='lat' dir='ltr'><strong>Dei</strong></span> 
     </span>
     <span class='ocr_line' id='line_1_12' title="bbox 308 1729 1592 1830; baseline 0.003 -26"><span class='ocrx_word' id='word_1_102' title='bbox 308 1741 491 1806; x_wconf 88' lang='lat' dir='ltr'><strong>constitutus</strong></span> <span class='ocrx_word' id='word_1_103' title='bbox 505 1729 545 1806; x_wconf 79' lang='lat' dir='ltr'><strong>sit</strong></span> <span class='ocrx_word' id='word_1_104' title='bbox 558 1743 638 1808; x_wconf 94' lang='lat' dir='ltr'><strong>ordo</strong></span> <span class='ocrx_word' id='word_1_105' title='bbox 651 1755 781 1823; x_wconf 78' lang='lat' dir='ltr'><strong>naturae,</strong></span> <span class='ocrx_word' id='word_1_106' title='bbox 803 1769 837 1811; x_wconf 87' lang='lat' dir='ltr'><strong>se</strong></span> <span class='ocrx_word' id='word_1_107' title='bbox 852 1757 965 1824; x_wconf 71' lang='lat' dir='ltr'><strong>tamem</strong></span> <span class='ocrx_word' id='word_1_108' title='bbox 980 1745 1222 1812; x_wconf 82' lang='lat' dir='ltr'><strong>homuncionem</strong></span> <span class='ocrx_word' id='word_1_109' title='bbox 1236 1745 1401 1823; x_wconf 88' lang='lat' dir='ltr'><strong>misellum,</strong></span> <span class='ocrx_word' id='word_1_110' title='bbox 1416 1746 1491 1829; x_wconf 92' lang='lat' dir='ltr'><strong>quid</strong></span> <span class='ocrx_word' id='word_1_111' title='bbox 1507 1745 1592 1830; x_wconf 90' lang='lat' dir='ltr'><strong>opti-</strong></span> 
     </span>
     <span class='ocr_line' id='line_1_13' title="bbox 308 1848 1593 1936; baseline 0.002 -24"><span class='ocrx_word' id='word_1_112' title='bbox 308 1867 395 1912; x_wconf 85' lang='lat' dir='ltr'><strong>mum</strong></span> <span class='ocrx_word' id='word_1_113' title='bbox 410 1848 494 1914; x_wconf 79' lang='lat' dir='ltr'><strong>sactu</strong></span> <span class='ocrx_word' id='word_1_114' title='bbox 507 1849 547 1914; x_wconf 91' lang='lat' dir='ltr'><strong>sit</strong></span> <span class='ocrx_word' id='word_1_115' title='bbox 567 1864 765 1936; x_wconf 88' lang='lat' dir='ltr'><strong>perspectum</strong></span> <span class='ocrx_word' id='word_1_116' title='bbox 779 1852 905 1918; x_wconf 77' lang='lat' dir='ltr'><strong>habere.</strong></span> <span class='ocrx_word' id='word_1_117' title='bbox 950 1855 1035 1918; x_wconf 86' lang='lat' dir='ltr'><strong>Sana</strong></span> <span class='ocrx_word' id='word_1_118' title='bbox 1054 1853 1155 1924; x_wconf 86' lang='lat' dir='ltr'><strong>omnis</strong></span> <span class='ocrx_word' id='word_1_119' title='bbox 1170 1865 1203 1918; x_wconf 91' lang='lat' dir='ltr'><strong>et</strong></span> <span class='ocrx_word' id='word_1_120' title='bbox 1216 1874 1289 1918; x_wconf 88' lang='lat' dir='ltr'><strong>uera</strong></span> <span class='ocrx_word' id='word_1_121' title='bbox 1309 1851 1508 1936; x_wconf 86' lang='lat' dir='ltr'><strong>philosophia</strong></span> <span class='ocrx_word' id='word_1_122' title='bbox 1522 1851 1593 1916; x_wconf 85' lang='lat' dir='ltr'><strong>lirn-</strong></span> 
     </span>
     <span class='ocr_line' id='line_1_14' title="bbox 308 1954 1620 2045; baseline 0.001 -27"><span class='ocrx_word' id='word_1_123' title='bbox 308 1954 401 2018; x_wconf 87' lang='lat' dir='ltr'><strong>datur</strong></span> <span class='ocrx_word' id='word_1_124' title='bbox 414 1955 449 2018; x_wconf 92' lang='lat' dir='ltr'><strong>in</strong></span> <span class='ocrx_word' id='word_1_125' title='bbox 461 1956 675 2041; x_wconf 71' lang='lat' dir='ltr'><strong>phoenomenis</strong></span> <span class='ocrx_word' id='word_1_126' title='bbox 690 1981 815 2026; x_wconf 76' lang='lat' dir='ltr'><strong>renim:</strong></span> <span class='ocrx_word' id='word_1_127' title='bbox 836 1983 908 2045; x_wconf 80' lang='lat' dir='ltr'><strong>quae</strong></span> <span class='ocrx_word' id='word_1_128' title='bbox 927 1961 954 2024; x_wconf 88' lang='lat' dir='ltr'><strong>si</strong></span> <span class='ocrx_word' id='word_1_129' title='bbox 968 1981 1026 2024; x_wconf 90' lang='lat' dir='ltr'><strong>nos</strong></span> <span class='ocrx_word' id='word_1_130' title='bbox 1041 1959 1091 2026; x_wconf 82' lang='lat' dir='ltr'><strong>vel</strong></span> <span class='ocrx_word' id='word_1_131' title='bbox 1105 1959 1217 2024; x_wconf 85' lang='lat' dir='ltr'><strong>invitos</strong></span> <span class='ocrx_word' id='word_1_132' title='bbox 1232 1972 1264 2024; x_wconf 87' lang='lat' dir='ltr'><strong>et</strong></span> <span class='ocrx_word' id='word_1_133' title='bbox 1277 1958 1464 2024; x_wconf 66' lang='lat' dir='ltr'><strong>reluctantes</strong></span> <span class='ocrx_word' id='word_1_134' title='bbox 1478 1959 1519 2022; x_wconf 90' lang='lat' dir='ltr'><strong>ad</strong></span> <span class='ocrx_word' id='word_1_135' title='bbox 1533 1959 1593 2023; x_wconf 87' lang='lat' dir='ltr'><strong>hu·</strong></span> <span class='ocrx_word' id='word_1_136' title='bbox 1607 2007 1620 2018; x_wconf 93' lang='lat'>.</span> 
     </span>
     <span class='ocr_line' id='line_1_15' title="bbox 303 2051 1592 2152; baseline 0.002 -26"><span class='ocrx_word' id='word_1_137' title='bbox 303 2062 441 2148; x_wconf 89' lang='lat' dir='ltr'><strong>jusmodi</strong></span> <span class='ocrx_word' id='word_1_138' title='bbox 468 2063 620 2148; x_wconf 86' lang='lat' dir='ltr'><strong>principia</strong></span> <span class='ocrx_word' id='word_1_139' title='bbox 644 2065 813 2144; x_wconf 86' lang='lat' dir='ltr'><strong>deducunt,</strong></span> <span class='ocrx_word' id='word_1_140' title='bbox 842 2066 876 2130; x_wconf 88' lang='lat' dir='ltr'><strong>in</strong></span> <span class='ocrx_word' id='word_1_141' title='bbox 905 2051 1016 2152; x_wconf 75' lang='lat' dir='ltr'><strong>quilius</strong></span> <span class='ocrx_word' id='word_1_142' title='bbox 1045 2064 1214 2130; x_wconf 73' lang='lat' dir='ltr'><strong>clarissime</strong></span> <span class='ocrx_word' id='word_1_143' title='bbox 1236 2077 1405 2133; x_wconf 83' lang='lat' dir='ltr'><strong>cernrurtur</strong></span> <span class='ocrx_word' id='word_1_144' title='bbox 1427 2066 1592 2132; x_wconf 87' lang='lat' dir='ltr'><strong>consilium</strong></span> 
     </span>
     <span class='ocr_line' id='line_1_16' title="bbox 308 2171 1592 2260; baseline 0.003 -26"><span class='ocrx_word' id='word_1_145' title='bbox 308 2171 461 2255; x_wconf 90' lang='lat' dir='ltr'><strong>optimum</strong></span> <span class='ocrx_word' id='word_1_146' title='bbox 476 2185 508 2238; x_wconf 90' lang='lat' dir='ltr'><strong>et</strong></span> <span class='ocrx_word' id='word_1_147' title='bbox 528 2173 701 2240; x_wconf 88' lang='lat' dir='ltr'><strong>dominium</strong></span> <span class='ocrx_word' id='word_1_148' title='bbox 721 2197 877 2240; x_wconf 79' lang='lat' dir='ltr'><strong>amomum</strong></span> <span class='ocrx_word' id='word_1_149' title='bbox 898 2175 1114 2258; x_wconf 75' lang='lat' dir='ltr'><strong>sapientissimi</strong></span> <span class='ocrx_word' id='word_1_150' title='bbox 1130 2186 1163 2241; x_wconf 88' lang='lat' dir='ltr'><strong>et</strong></span> <span class='ocrx_word' id='word_1_151' title='bbox 1180 2174 1387 2260; x_wconf 80' lang='lat' dir='ltr'><strong>potentissimi</strong></span> <span class='ocrx_word' id='word_1_152' title='bbox 1407 2174 1504 2250; x_wconf 88' lang='lat' dir='ltr'><strong>entis;</strong></span> <span class='ocrx_word' id='word_1_153' title='bbox 1526 2195 1592 2238; x_wconf 90' lang='lat' dir='ltr'><strong>non</strong></span> 
     </span>
     <span class='ocr_line' id='line_1_17' title="bbox 308 2281 1592 2370; baseline 0 -26"><span class='ocrx_word' id='word_1_154' title='bbox 308 2293 401 2346; x_wconf 87' lang='lat' dir='ltr'><strong>erunt</strong></span> <span class='ocrx_word' id='word_1_155' title='bbox 413 2281 482 2351; x_wconf 76' lang='lat' dir='ltr'><strong>haec</strong></span> <span class='ocrx_word' id='word_1_156' title='bbox 495 2283 568 2348; x_wconf 83' lang='lat' dir='ltr'><strong>ided</strong></span> <span class='ocrx_word' id='word_1_157' title='bbox 589 2307 653 2350; x_wconf 89' lang='lat' dir='ltr'><strong>non</strong></span> <span class='ocrx_word' id='word_1_158' title='bbox 675 2284 865 2352; x_wconf 75' lang='lat' dir='ltr'><strong>sommum</strong></span> <span class='ocrx_word' id='word_1_159' title='bbox 887 2283 1051 2370; x_wconf 89' lang='lat' dir='ltr'><strong>principia,</strong></span> <span class='ocrx_word' id='word_1_160' title='bbox 1072 2283 1157 2370; x_wconf 91' lang='lat' dir='ltr'><strong>quod</strong></span> <span class='ocrx_word' id='word_1_161' title='bbox 1172 2281 1358 2370; x_wconf 83' lang='lat' dir='ltr'><strong>quibusdam</strong></span> <span class='ocrx_word' id='word_1_162' title='bbox 1372 2282 1476 2346; x_wconf 77' lang='lat' dir='ltr'><strong>forsan</strong></span> <span class='ocrx_word' id='word_1_163' title='bbox 1489 2282 1592 2348; x_wconf 90' lang='lat' dir='ltr'><strong>homi-</strong></span> 
     </span>
     <span class='ocr_line' id='line_1_18' title="bbox 307 2387 1593 2477; baseline 0.003 -27"><span class='ocrx_word' id='word_1_164' title='bbox 307 2387 401 2452; x_wconf 89' lang='lat' dir='ltr'><strong>nibus</strong></span> <span class='ocrx_word' id='word_1_165' title='bbox 415 2390 517 2453; x_wconf 89' lang='lat' dir='ltr'><strong>minus</strong></span> <span class='ocrx_word' id='word_1_166' title='bbox 531 2403 620 2477; x_wconf 86' lang='lat' dir='ltr'><strong>grata</strong></span> <span class='ocrx_word' id='word_1_167' title='bbox 633 2403 707 2456; x_wconf 88' lang='lat' dir='ltr'><strong>sunt</strong></span> <span class='ocrx_word' id='word_1_168' title='bbox 719 2389 834 2460; x_wconf 74' lang='lat' dir='ltr'><strong>scutra.</strong></span> <span class='ocrx_word' id='word_1_169' title='bbox 891 2391 955 2456; x_wconf 87' lang='lat' dir='ltr'><strong>His</strong></span> <span class='ocrx_word' id='word_1_170' title='bbox 977 2391 1028 2456; x_wconf 82' lang='lat' dir='ltr'><strong>vel</strong></span> <span class='ocrx_word' id='word_1_171' title='bbox 1049 2389 1199 2454; x_wconf 76' lang='lat' dir='ltr'><strong>mhacula</strong></span> <span class='ocrx_word' id='word_1_172' title='bbox 1215 2389 1265 2454; x_wconf 91' lang='lat' dir='ltr'><strong>vel</strong></span> <span class='ocrx_word' id='word_1_173' title='bbox 1286 2388 1448 2473; x_wconf 86' lang='lat' dir='ltr'><strong>qualitates</strong></span> <span class='ocrx_word' id='word_1_174' title='bbox 1463 2389 1593 2454; x_wconf 82' lang='lat' dir='ltr'><strong>occultae</strong></span> 
     </span>
     <span class='ocr_line' id='line_1_19' title="bbox 308 2493 1593 2582; baseline 0.002 -24"><span class='ocrx_word' id='word_1_175' title='bbox 308 2493 463 2574; x_wconf 79' lang='lat' dir='ltr'><strong>dicantur,</strong></span> <span class='ocrx_word' id='word_1_176' title='bbox 478 2518 550 2582; x_wconf 82' lang='lat' dir='ltr'><strong>quae</strong></span> <span class='ocrx_word' id='word_1_177' title='bbox 563 2497 744 2582; x_wconf 86' lang='lat' dir='ltr'><strong>displicent:</strong></span> <span class='ocrx_word' id='word_1_178' title='bbox 767 2517 876 2562; x_wconf 80' lang='lat' dir='ltr'><strong>rernm</strong></span> <span class='ocrx_word' id='word_1_179' title='bbox 894 2497 1023 2560; x_wconf 87' lang='lat' dir='ltr'><strong>nomina</strong></span> <span class='ocrx_word' id='word_1_180' title='bbox 1042 2495 1194 2560; x_wconf 77' lang='lat' dir='ltr'><strong>malitiose</strong></span> <span class='ocrx_word' id='word_1_181' title='bbox 1216 2493 1315 2561; x_wconf 81' lang='lat' dir='ltr'><strong>indita</strong></span> <span class='ocrx_word' id='word_1_182' title='bbox 1336 2517 1400 2560; x_wconf 87' lang='lat' dir='ltr'><strong>non</strong></span> <span class='ocrx_word' id='word_1_183' title='bbox 1421 2506 1495 2564; x_wconf 88' lang='lat' dir='ltr'><strong>sunt</strong></span> <span class='ocrx_word' id='word_1_184' title='bbox 1516 2495 1593 2580; x_wconf 89' lang='lat' dir='ltr'><strong>ipsis</strong></span> 
     </span>
     <span class='ocr_line' id='line_1_20' title="bbox 308 2603 1593 2690; baseline -0.002 -21"><span class='ocrx_word' id='word_1_185' title='bbox 308 2606 403 2670; x_wconf 86' lang='lat' dir='ltr'><strong>rebus</strong></span> <span class='ocrx_word' id='word_1_186' title='bbox 418 2606 492 2672; x_wconf 85' lang='lat' dir='ltr'><strong>vitio</strong></span> <span class='ocrx_word' id='word_1_187' title='bbox 507 2607 674 2683; x_wconf 72' lang='lat' dir='ltr'><strong>vertendar</strong></span> <span class='ocrx_word' id='word_1_188' title='bbox 689 2606 749 2672; x_wconf 88' lang='lat' dir='ltr'><strong>nisi</strong></span> <span class='ocrx_word' id='word_1_189' title='bbox 762 2606 841 2672; x_wconf 91' lang='lat' dir='ltr'><strong>illud</strong></span> <span class='ocrx_word' id='word_1_190' title='bbox 854 2605 944 2670; x_wconf 83' lang='lat' dir='ltr'><strong>fateri</strong></span> <span class='ocrx_word' id='word_1_191' title='bbox 958 2605 1086 2670; x_wconf 86' lang='lat' dir='ltr'><strong>tandem</strong></span> <span class='ocrx_word' id='word_1_192' title='bbox 1099 2604 1209 2690; x_wconf 57' lang='lat' dir='ltr'><strong>velina</strong></span> <span class='ocrx_word' id='word_1_193' title='bbox 1228 2604 1335 2688; x_wconf 81' lang='lat' dir='ltr'><strong>utique</strong></span> <span class='ocrx_word' id='word_1_194' title='bbox 1356 2603 1471 2668; x_wconf 89' lang='lat' dir='ltr'><strong>dehere</strong></span> <span class='ocrx_word' id='word_1_195' title='bbox 1490 2603 1593 2688; x_wconf 92' lang='lat' dir='ltr'><strong>philo-</strong></span> 
     </span>
     <span class='ocr_line' id='line_1_21' title="bbox 309 2709 1593 2794; baseline -0.002 -18"><span class='ocrx_word' id='word_1_196' title='bbox 309 2711 452 2794; x_wconf 81' lang='lat' dir='ltr'><strong>sophiam</strong></span> <span class='ocrx_word' id='word_1_197' title='bbox 465 2711 499 2774; x_wconf 89' lang='lat' dir='ltr'><strong>in</strong></span> <span class='ocrx_word' id='word_1_198' title='bbox 513 2710 665 2776; x_wconf 87' lang='lat' dir='ltr'><strong>atheismo</strong></span> <span class='ocrx_word' id='word_1_199' title='bbox 679 2711 813 2774; x_wconf 82' lang='lat' dir='ltr'><strong>fundari.</strong></span> <span class='ocrx_word' id='word_1_200' title='bbox 859 2711 987 2774; x_wconf 88' lang='lat' dir='ltr'><strong>Horum</strong></span> <span class='ocrx_word' id='word_1_201' title='bbox 1008 2709 1172 2772; x_wconf 89' lang='lat' dir='ltr'><strong>hominum</strong></span> <span class='ocrx_word' id='word_1_202' title='bbox 1193 2709 1293 2794; x_wconf 79' lang='lat' dir='ltr'><strong>gratiri</strong></span> <span class='ocrx_word' id='word_1_203' title='bbox 1307 2731 1372 2772; x_wconf 92' lang='lat' dir='ltr'><strong>non</strong></span> <span class='ocrx_word' id='word_1_204' title='bbox 1387 2711 1447 2773; x_wconf 90' lang='lat' dir='ltr'><strong>erit</strong></span> <span class='ocrx_word' id='word_1_205' title='bbox 1459 2709 1593 2774; x_wconf 84' lang='lat' dir='ltr'><strong>labefac-</strong></span> 
     </span>
     <span class='ocr_line' id='line_1_22' title="bbox 308 2817 1346 2905; baseline 0.002 -23"><span class='ocrx_word' id='word_1_206' title='bbox 308 2817 402 2882; x_wconf 82' lang='lat' dir='ltr'><strong>tanda</strong></span> <span class='ocrx_word' id='word_1_207' title='bbox 418 2819 626 2903; x_wconf 85' lang='lat' dir='ltr'><strong>philosophia,</strong></span> <span class='ocrx_word' id='word_1_208' title='bbox 642 2818 794 2905; x_wconf 89' lang='lat' dir='ltr'><strong>siquidem</strong></span> <span class='ocrx_word' id='word_1_209' title='bbox 807 2839 914 2882; x_wconf 89' lang='lat' dir='ltr'><strong>rerum</strong></span> <span class='ocrx_word' id='word_1_210' title='bbox 928 2818 1008 2883; x_wconf 90' lang='lat' dir='ltr'><strong>ordo</strong></span> <span class='ocrx_word' id='word_1_211' title='bbox 1021 2839 1087 2882; x_wconf 90' lang='lat' dir='ltr'><strong>non</strong></span> <span class='ocrx_word' id='word_1_212' title='bbox 1100 2817 1167 2882; x_wconf 89' lang='lat' dir='ltr'><strong>vult</strong></span> <span class='ocrx_word' id='word_1_213' title='bbox 1181 2819 1346 2884; x_wconf 88' lang='lat' dir='ltr'><strong>immutari.</strong></span> 
     </span>
    </p>

    <p class='ocr_par' dir='ltr' id='par_1_4' title="bbox 308 2923 1594 4747">
     <span class='ocr_line' id='line_1_23' title="bbox 347 2923 1593 3011; baseline 0 -21"><span class='ocrx_word' id='word_1_214' title='bbox 347 2924 517 2990; x_wconf 70' lang='lat' dir='ltr'><strong>,Obtinehit</strong></span> <span class='ocrx_word' id='word_1_215' title='bbox 530 2925 626 3011; x_wconf 90' lang='lat' dir='ltr'><strong>igitur</strong></span> <span class='ocrx_word' id='word_1_216' title='bbox 640 2923 725 3008; x_wconf 87' lang='lat' dir='ltr'><strong>apud</strong></span> <span class='ocrx_word' id='word_1_217' title='bbox 739 2923 855 3009; x_wconf 89' lang='lat' dir='ltr'><strong>probos</strong></span> <span class='ocrx_word' id='word_1_218' title='bbox 869 2935 902 2988; x_wconf 89' lang='lat' dir='ltr'><strong>et</strong></span> <span class='ocrx_word' id='word_1_219' title='bbox 915 2945 1021 3009; x_wconf 80' lang='lat' dir='ltr'><strong>aequos</strong></span> <span class='ocrx_word' id='word_1_220' title='bbox 1036 2923 1159 3008; x_wconf 89' lang='lat' dir='ltr'><strong>judices</strong></span> <span class='ocrx_word' id='word_1_221' title='bbox 1180 2924 1436 3008; x_wconf 76' lang='lat' dir='ltr'><strong>praestantissima</strong></span> <span class='ocrx_word' id='word_1_222' title='bbox 1454 2923 1593 3008; x_wconf 86' lang='lat' dir='ltr'><strong>philoso-</strong></span> 
     </span>
     <span class='ocr_line' id='line_1_24' title="bbox 308 3025 1592 3117; baseline 0 -21"><span class='ocrx_word' id='word_1_223' title='bbox 308 3030 525 3117; x_wconf 88' lang='lat' dir='ltr'><strong>phandiratio‚</strong></span> <span class='ocrx_word' id='word_1_224' title='bbox 538 3031 1371 3117; x_wconf 71' lang='lat' dir='ltr'><strong>quaefundaturinexperimentisetohservationihus,</strong></span> <span class='ocrx_word' id='word_1_225' title='bbox 1408 3031 1497 3096; x_wconf 89' lang='lat' dir='ltr'><strong>Huic</strong></span> <span class='ocrx_word' id='word_1_226' title='bbox 1506 3025 1592 3110; x_wconf 71' lang='lat' dir='ltr'><strong>ueri),</strong></span> 
     </span>
     <span class='ocr_line' id='line_1_25' title="bbox 309 3135 1593 3224; baseline -0.001 -20"><span class='ocrx_word' id='word_1_227' title='bbox 309 3139 372 3204; x_wconf 88' lang='lat' dir='ltr'><strong>dici</strong></span> <span class='ocrx_word' id='word_1_228' title='bbox 386 3140 439 3203; x_wconf 90' lang='lat' dir='ltr'><strong>vix</strong></span> <span class='ocrx_word' id='word_1_229' title='bbox 452 3139 576 3223; x_wconf 83' lang='lat' dir='ltr'><strong>poterit,</strong></span> <span class='ocrx_word' id='word_1_230' title='bbox 601 3149 718 3224; x_wconf 87' lang='lat' dir='ltr'><strong>quanta</strong></span> <span class='ocrx_word' id='word_1_231' title='bbox 730 3138 788 3202; x_wconf 86' lang='lat' dir='ltr'><strong>lux</strong></span> <span class='ocrx_word' id='word_1_232' title='bbox 800 3135 938 3216; x_wconf 87' lang='lat' dir='ltr'><strong>accedat,</strong></span> <span class='ocrx_word' id='word_1_233' title='bbox 966 3147 1081 3222; x_wconf 87' lang='lat' dir='ltr'><strong>quanta</strong></span> <span class='ocrx_word' id='word_1_234' title='bbox 1095 3136 1240 3224; x_wconf 79' lang='lat' dir='ltr'><strong>dignitas,</strong></span> <span class='ocrx_word' id='word_1_235' title='bbox 1264 3136 1380 3203; x_wconf 91' lang='lat' dir='ltr'><strong>abhoc</strong></span> <span class='ocrx_word' id='word_1_236' title='bbox 1395 3160 1490 3223; x_wconf 89' lang='lat' dir='ltr'><strong>opere</strong></span> <span class='ocrx_word' id='word_1_237' title='bbox 1510 3159 1593 3223; x_wconf 82' lang='lat' dir='ltr'><strong>proe-</strong></span> 
     </span>
     <span class='ocr_line' id='line_1_26' title="bbox 309 3243 1593 3332; baseline -0.002 -20"><span class='ocrx_word' id='word_1_238' title='bbox 309 3247 394 3312; x_wconf 80' lang='lat' dir='ltr'><strong>claro</strong></span> <span class='ocrx_word' id='word_1_239' title='bbox 407 3245 602 3310; x_wconf 88' lang='lat' dir='ltr'><strong>illustrissimi</strong></span> <span class='ocrx_word' id='word_1_240' title='bbox 623 3245 723 3309; x_wconf 88' lang='lat' dir='ltr'><strong>nostri</strong></span> <span class='ocrx_word' id='word_1_241' title='bbox 736 3243 892 3320; x_wconf 81' lang='lat' dir='ltr'><strong>auotoris3</strong></span> <span class='ocrx_word' id='word_1_242' title='bbox 913 3245 1001 3328; x_wconf 88' lang='lat' dir='ltr'><strong>cujus</strong></span> <span class='ocrx_word' id='word_1_243' title='bbox 1016 3244 1163 3307; x_wconf 83' lang='lat' dir='ltr'><strong>eximiam</strong></span> <span class='ocrx_word' id='word_1_244' title='bbox 1177 3243 1296 3332; x_wconf 86' lang='lat' dir='ltr'><strong>ingenii</strong></span> <span class='ocrx_word' id='word_1_245' title='bbox 1309 3244 1496 3324; x_wconf 77' lang='lat' dir='ltr'><strong>felicitatem,</strong></span> <span class='ocrx_word' id='word_1_246' title='bbox 1512 3246 1593 3310; x_wconf 89' lang='lat' dir='ltr'><strong>diffi-</strong></span> 
     </span>
     <span class='ocr_line' id='line_1_27' title="bbox 310 3349 1593 3439; baseline -0.001 -21"><span class='ocrx_word' id='word_1_247' title='bbox 310 3353 424 3418; x_wconf 87' lang='lat' dir='ltr'><strong>cillima</strong></span> <span class='ocrx_word' id='word_1_248' title='bbox 437 3373 569 3438; x_wconf 77' lang='lat' dir='ltr'><strong>quaeque</strong></span> <span class='ocrx_word' id='word_1_249' title='bbox 579 3352 774 3436; x_wconf 84' lang='lat' dir='ltr'><strong>problemata</strong></span> <span class='ocrx_word' id='word_1_250' title='bbox 787 3350 961 3428; x_wconf 88' lang='lat' dir='ltr'><strong>enodantis,</strong></span> <span class='ocrx_word' id='word_1_251' title='bbox 978 3365 1010 3415; x_wconf 90' lang='lat' dir='ltr'><strong>et</strong></span> <span class='ocrx_word' id='word_1_252' title='bbox 1024 3349 1065 3413; x_wconf 89' lang='lat' dir='ltr'><strong>ad</strong></span> <span class='ocrx_word' id='word_1_253' title='bbox 1079 3372 1117 3414; x_wconf 88' lang='lat' dir='ltr'><strong>ea</strong></span> <span class='ocrx_word' id='word_1_254' title='bbox 1130 3350 1227 3435; x_wconf 79' lang='lat' dir='ltr'><strong>porrh</strong></span> <span class='ocrx_word' id='word_1_255' title='bbox 1240 3352 1445 3439; x_wconf 88' lang='lat' dir='ltr'><strong>pertingentis</strong></span> <span class='ocrx_word' id='word_1_256' title='bbox 1459 3353 1500 3415; x_wconf 89' lang='lat' dir='ltr'><strong>ad</strong></span> <span class='ocrx_word' id='word_1_257' title='bbox 1521 3375 1593 3438; x_wconf 89' lang='lat' dir='ltr'><strong>quse</strong></span> 
     </span>
     <span class='ocr_line' id='line_1_28' title="bbox 309 3459 1594 3548; baseline -0.001 -21"><span class='ocrx_word' id='word_1_258' title='bbox 309 3485 368 3528; x_wconf 90' lang='lat' dir='ltr'><strong>nec</strong></span> <span class='ocrx_word' id='word_1_259' title='bbox 382 3485 452 3546; x_wconf 90' lang='lat' dir='ltr'><strong>spes</strong></span> <span class='ocrx_word' id='word_1_260' title='bbox 467 3476 534 3527; x_wconf 88' lang='lat' dir='ltr'><strong>erat</strong></span> <span class='ocrx_word' id='word_1_261' title='bbox 547 3461 715 3526; x_wconf 85' lang='lat' dir='ltr'><strong>humanam</strong></span> <span class='ocrx_word' id='word_1_262' title='bbox 729 3473 866 3525; x_wconf 90' lang='lat' dir='ltr'><strong>mentem</strong></span> <span class='ocrx_word' id='word_1_263' title='bbox 880 3482 1042 3548; x_wconf 87' lang='lat' dir='ltr'><strong>assurgere</strong></span> <span class='ocrx_word' id='word_1_264' title='bbox 1056 3461 1203 3544; x_wconf 87' lang='lat' dir='ltr'><strong>potuisse,</strong></span> <span class='ocrx_word' id='word_1_265' title='bbox 1222 3459 1334 3524; x_wconf 77' lang='lat' dir='ltr'><strong>merito</strong></span> <span class='ocrx_word' id='word_1_266' title='bbox 1348 3459 1540 3524; x_wconf 89' lang='lat' dir='ltr'><strong>admirantur</strong></span> <span class='ocrx_word' id='word_1_267' title='bbox 1561 3475 1594 3527; x_wconf 92' lang='lat' dir='ltr'><strong>et</strong></span> 
     </span>
     <span class='ocr_line' id='line_1_29' title="bbox 310 3565 1593 3656; baseline -0.002 -20"><span class='ocrx_word' id='word_1_268' title='bbox 310 3571 484 3654; x_wconf 83' lang='lat' dir='ltr'><strong>suspiciunt</strong></span> <span class='ocrx_word' id='word_1_269' title='bbox 497 3571 673 3656; x_wconf 89' lang='lat' dir='ltr'><strong>quicunque</strong></span> <span class='ocrx_word' id='word_1_270' title='bbox 687 3568 783 3654; x_wconf 76' lang='lat' dir='ltr'><strong>paulo</strong></span> <span class='ocrx_word' id='word_1_271' title='bbox 796 3567 980 3653; x_wconf 89' lang='lat' dir='ltr'><strong>profundius</strong></span> <span class='ocrx_word' id='word_1_272' title='bbox 995 3567 1026 3629; x_wconf 92' lang='lat' dir='ltr'><strong>in</strong></span> <span class='ocrx_word' id='word_1_273' title='bbox 1042 3565 1127 3631; x_wconf 89' lang='lat' dir='ltr'><strong>hisce</strong></span> <span class='ocrx_word' id='word_1_274' title='bbox 1138 3567 1231 3630; x_wconf 89' lang='lat' dir='ltr'><strong>rebus</strong></span> <span class='ocrx_word' id='word_1_275' title='bbox 1241 3567 1355 3631; x_wconf 86' lang='lat' dir='ltr'><strong>versati</strong></span> <span class='ocrx_word' id='word_1_276' title='bbox 1370 3581 1451 3630; x_wconf 89' lang='lat' dir='ltr'><strong>sunt.</strong></span> <span class='ocrx_word' id='word_1_277' title='bbox 1498 3568 1593 3633; x_wconf 85' lang='lat' dir='ltr'><strong>Clau·</strong></span> 
     </span>
     <span class='ocr_line' id='line_1_30' title="bbox 309 3673 1592 3766; baseline -0.003 -21"><span class='ocrx_word' id='word_1_278' title='bbox 309 3681 381 3746; x_wconf 87' lang='lat' dir='ltr'><strong>stris</strong></span> <span class='ocrx_word' id='word_1_279' title='bbox 394 3677 471 3766; x_wconf 77' lang='lat' dir='ltr'><strong>ergo</strong></span> <span class='ocrx_word' id='word_1_280' title='bbox 485 3681 636 3757; x_wconf 86' lang='lat' dir='ltr'><strong>reseratis,</strong></span> <span class='ocrx_word' id='word_1_281' title='bbox 661 3679 780 3743; x_wconf 87' lang='lat' dir='ltr'><strong>aditum</strong></span> <span class='ocrx_word' id='word_1_282' title='bbox 793 3677 885 3741; x_wconf 89' lang='lat' dir='ltr'><strong>nobis</strong></span> <span class='ocrx_word' id='word_1_283' title='bbox 898 3675 1022 3760; x_wconf 86' lang='lat' dir='ltr'><strong>aperuit</strong></span> <span class='ocrx_word' id='word_1_284' title='bbox 1034 3673 1075 3737; x_wconf 86' lang='lat' dir='ltr'><strong>sd</strong></span> <span class='ocrx_word' id='word_1_285' title='bbox 1092 3673 1303 3760; x_wconf 88' lang='lat' dir='ltr'><strong>pulcherrima</strong></span> <span class='ocrx_word' id='word_1_286' title='bbox 1316 3697 1422 3740; x_wconf 86' lang='lat' dir='ltr'><strong>rerum</strong></span> <span class='ocrx_word' id='word_1_287' title='bbox 1435 3677 1592 3762; x_wconf 86' lang='lat' dir='ltr'><strong>mysteria.</strong></span> 
     </span>
     <span class='ocr_line' id='line_1_31' title="bbox 311 3781 1594 3878; baseline -0.005 -22"><span class='ocrx_word' id='word_1_288' title='bbox 311 3789 492 3878; x_wconf 85' lang='lat' dir='ltr'><strong>Systematis</strong></span> <span class='ocrx_word' id='word_1_289' title='bbox 515 3788 666 3854; x_wconf 88' lang='lat' dir='ltr'><strong>mundani</strong></span> <span class='ocrx_word' id='word_1_290' title='bbox 690 3808 872 3874; x_wconf 88' lang='lat' dir='ltr'><strong>compagem</strong></span> <span class='ocrx_word' id='word_1_291' title='bbox 897 3781 1158 3871; x_wconf 85' lang='lat' dir='ltr'><strong>elegantissimam</strong></span> <span class='ocrx_word' id='word_1_292' title='bbox 1180 3784 1224 3848; x_wconf 86' lang='lat' dir='ltr'><strong>ita</strong></span> <span class='ocrx_word' id='word_1_293' title='bbox 1245 3783 1372 3848; x_wconf 89' lang='lat' dir='ltr'><strong>tandem</strong></span> <span class='ocrx_word' id='word_1_294' title='bbox 1392 3783 1538 3869; x_wconf 82' lang='lat' dir='ltr'><strong>patefecit</strong></span> <span class='ocrx_word' id='word_1_295' title='bbox 1561 3799 1594 3850; x_wconf 92' lang='lat' dir='ltr'><strong>et</strong></span> 
     </span>
     <span class='ocr_line' id='line_1_32' title="bbox 308 3889 1593 3984; baseline -0.003 -21"><span class='ocrx_word' id='word_1_296' title='bbox 308 3895 443 3984; x_wconf 80' lang='lat' dir='ltr'><strong>penitids</strong></span> <span class='ocrx_word' id='word_1_297' title='bbox 458 3894 716 3980; x_wconf 84' lang='lat' dir='ltr'><strong>perspectendsm</strong></span> <span class='ocrx_word' id='word_1_298' title='bbox 730 3893 834 3970; x_wconf 84' lang='lat' dir='ltr'><strong>dedit3</strong></span> <span class='ocrx_word' id='word_1_299' title='bbox 856 3903 893 3956; x_wconf 90' lang='lat' dir='ltr'><strong>ut</strong></span> <span class='ocrx_word' id='word_1_300' title='bbox 912 3911 971 3954; x_wconf 89' lang='lat' dir='ltr'><strong>nec</strong></span> <span class='ocrx_word' id='word_1_301' title='bbox 983 3889 1067 3974; x_wconf 83' lang='lat' dir='ltr'><strong>ipse,</strong></span> <span class='ocrx_word' id='word_1_302' title='bbox 1088 3892 1116 3958; x_wconf 88' lang='lat' dir='ltr'><strong>si</strong></span> <span class='ocrx_word' id='word_1_303' title='bbox 1134 3910 1220 3954; x_wconf 89' lang='lat' dir='ltr'><strong>nunc</strong></span> <span class='ocrx_word' id='word_1_304' title='bbox 1233 3890 1439 3967; x_wconf 82' lang='lat' dir='ltr'><strong>revivisceret,</strong></span> <span class='ocrx_word' id='word_1_305' title='bbox 1462 3913 1520 3956; x_wconf 85' lang='lat' dir='ltr'><strong>rex</strong></span> <span class='ocrx_word' id='word_1_306' title='bbox 1534 3893 1593 3959; x_wconf 91' lang='lat' dir='ltr'><strong>Al-</strong></span> 
     </span>
     <span class='ocr_line' id='line_1_33' title="bbox 309 3995 1593 4093; baseline -0.005 -23"><span class='ocrx_word' id='word_1_307' title='bbox 309 4006 449 4093; x_wconf 88' lang='lat' dir='ltr'><strong>phonsus</strong></span> <span class='ocrx_word' id='word_1_308' title='bbox 464 4003 513 4068; x_wconf 88' lang='lat' dir='ltr'><strong>vel</strong></span> <span class='ocrx_word' id='word_1_309' title='bbox 530 4001 758 4087; x_wconf 89' lang='lat' dir='ltr'><strong>simplicitatem</strong></span> <span class='ocrx_word' id='word_1_310' title='bbox 772 3999 822 4064; x_wconf 83' lang='lat' dir='ltr'><strong>vel</strong></span> <span class='ocrx_word' id='word_1_311' title='bbox 840 3997 1013 4062; x_wconf 71' lang='lat' dir='ltr'><strong>harmonia</strong></span> <span class='ocrx_word' id='word_1_312' title='bbox 1026 3996 1159 4084; x_wconf 87' lang='lat' dir='ltr'><strong>gratiam</strong></span> <span class='ocrx_word' id='word_1_313' title='bbox 1173 3997 1206 4059; x_wconf 90' lang='lat' dir='ltr'><strong>in</strong></span> <span class='ocrx_word' id='word_1_314' title='bbox 1221 4018 1258 4060; x_wconf 89' lang='lat' dir='ltr'><strong>ea</strong></span> <span class='ocrx_word' id='word_1_315' title='bbox 1271 3995 1472 4063; x_wconf 77' lang='lat' dir='ltr'><strong>desideraret.</strong></span> <span class='ocrx_word' id='word_1_316' title='bbox 1528 3998 1593 4065; x_wconf 88' lang='lat' dir='ltr'><strong>Ita-</strong></span> 
     </span>
     <span class='ocr_line' id='line_1_34' title="bbox 310 4106 1592 4203; baseline -0.005 -22"><span class='ocrx_word' id='word_1_317' title='bbox 310 4139 371 4203; x_wconf 92' lang='lat' dir='ltr'><strong>que</strong></span> <span class='ocrx_word' id='word_1_318' title='bbox 384 4127 505 4180; x_wconf 81' lang='lat' dir='ltr'><strong>naturae</strong></span> <span class='ocrx_word' id='word_1_319' title='bbox 518 4113 710 4197; x_wconf 88' lang='lat' dir='ltr'><strong>majestatem</strong></span> <span class='ocrx_word' id='word_1_320' title='bbox 723 4109 852 4195; x_wconf 82' lang='lat' dir='ltr'><strong>propiirs</strong></span> <span class='ocrx_word' id='word_1_321' title='bbox 861 4109 929 4194; x_wconf 89' lang='lat' dir='ltr'><strong>jam</strong></span> <span class='ocrx_word' id='word_1_322' title='bbox 942 4107 1016 4172; x_wconf 90' lang='lat' dir='ltr'><strong>licet</strong></span> <span class='ocrx_word' id='word_1_323' title='bbox 1025 4107 1148 4185; x_wconf 88' lang='lat' dir='ltr'><strong>intueri,</strong></span> <span class='ocrx_word' id='word_1_324' title='bbox 1165 4119 1198 4171; x_wconf 88' lang='lat' dir='ltr'><strong>et</strong></span> <span class='ocrx_word' id='word_1_325' title='bbox 1209 4106 1389 4172; x_wconf 88' lang='lat' dir='ltr'><strong>dulcissima</strong></span> <span class='ocrx_word' id='word_1_326' title='bbox 1402 4108 1592 4198; x_wconf 88' lang='lat' dir='ltr'><strong>contempla-</strong></span> 
     </span>
     <span class='ocr_line' id='line_1_35' title="bbox 310 4215 1593 4303; baseline -0.003 -13"><span class='ocrx_word' id='word_1_327' title='bbox 310 4228 394 4292; x_wconf 91' lang='lat' dir='ltr'><strong>tione</strong></span> <span class='ocrx_word' id='word_1_328' title='bbox 407 4225 478 4303; x_wconf 80' lang='lat' dir='ltr'><strong>frui,</strong></span> <span class='ocrx_word' id='word_1_329' title='bbox 501 4223 694 4288; x_wconf 88' lang='lat' dir='ltr'><strong>conditorem</strong></span> <span class='ocrx_word' id='word_1_330' title='bbox 709 4219 784 4287; x_wconf 74' lang='lat' dir='ltr'><strong>vero</strong></span> <span class='ocrx_word' id='word_1_331' title='bbox 798 4217 1010 4284; x_wconf 71' lang='lat' dir='ltr'><strong>ac‘dominum</strong></span> <span class='ocrx_word' id='word_1_332' title='bbox 1024 4218 1239 4282; x_wconf 82' lang='lat' dir='ltr'><strong>rmiversorum</strong></span> <span class='ocrx_word' id='word_1_333' title='bbox 1253 4215 1423 4302; x_wconf 79' lang='lat' dir='ltr'><strong>impensiis</strong></span> <span class='ocrx_word' id='word_1_334' title='bbox 1438 4217 1542 4283; x_wconf 90' lang='lat' dir='ltr'><strong>colere</strong></span> <span class='ocrx_word' id='word_1_335' title='bbox 1560 4229 1593 4286; x_wconf 84' lang='lat' dir='ltr'><strong>et</strong></span> 
     </span>
     <span class='ocr_line' id='line_1_36' title="bbox 309 4325 1592 4420; baseline -0.002 -23"><span class='ocrx_word' id='word_1_336' title='bbox 309 4336 459 4414; x_wconf 87' lang='lat' dir='ltr'><strong>venerari,</strong></span> <span class='ocrx_word' id='word_1_337' title='bbox 491 4335 545 4420; x_wconf 91' lang='lat' dir='ltr'><strong>qui</strong></span> <span class='ocrx_word' id='word_1_338' title='bbox 572 4331 689 4396; x_wconf 61' lang='lat' dir='ltr'><strong>hstiis</strong></span> <span class='ocrx_word' id='word_1_339' title='bbox 715 4342 762 4396; x_wconf 87' lang='lat' dir='ltr'><strong>est</strong></span> <span class='ocrx_word' id='word_1_340' title='bbox 785 4327 993 4414; x_wconf 78' lang='lat' dir='ltr'><strong>philosophiae</strong></span> <span class='ocrx_word' id='word_1_341' title='bbox 1017 4325 1117 4390; x_wconf 78' lang='lat' dir='ltr'><strong>multo</strong></span> <span class='ocrx_word' id='word_1_342' title='bbox 1141 4326 1326 4390; x_wconf 89' lang='lat' dir='ltr'><strong>uberrimus.</strong></span> <span class='ocrx_word' id='word_1_343' title='bbox 1372 4325 1500 4394; x_wconf 73' lang='lat' dir='ltr'><strong>cacum</strong></span> <span class='ocrx_word' id='word_1_344' title='bbox 1525 4348 1592 4394; x_wconf 79' lang='lat' dir='ltr'><strong>esse</strong></span> 
     </span>
     <span class='ocr_line' id='line_1_37' title="bbox 310 4432 1591 4529; baseline -0.006 -21"><span class='ocrx_word' id='word_1_345' title='bbox 310 4456 443 4529; x_wconf 88' lang='lat' dir='ltr'><strong>oportet,</strong></span> <span class='ocrx_word' id='word_1_346' title='bbox 459 4445 513 4528; x_wconf 87' lang='lat' dir='ltr'><strong>qui</strong></span> <span class='ocrx_word' id='word_1_347' title='bbox 527 4465 568 4508; x_wconf 87' lang='lat' dir='ltr'><strong>ex</strong></span> <span class='ocrx_word' id='word_1_348' title='bbox 581 4441 706 4527; x_wconf 91' lang='lat' dir='ltr'><strong>optimis</strong></span> <span class='ocrx_word' id='word_1_349' title='bbox 721 4451 753 4504; x_wconf 90' lang='lat' dir='ltr'><strong>et</strong></span> <span class='ocrx_word' id='word_1_350' title='bbox 767 4437 999 4522; x_wconf 87' lang='lat' dir='ltr'><strong>sapientissimis</strong></span> <span class='ocrx_word' id='word_1_351' title='bbox 1014 4457 1119 4500; x_wconf 90' lang='lat' dir='ltr'><strong>rerum</strong></span> <span class='ocrx_word' id='word_1_352' title='bbox 1133 4434 1295 4499; x_wconf 87' lang='lat' dir='ltr'><strong>structuris</strong></span> <span class='ocrx_word' id='word_1_353' title='bbox 1310 4455 1374 4497; x_wconf 90' lang='lat' dir='ltr'><strong>non</strong></span> <span class='ocrx_word' id='word_1_354' title='bbox 1390 4435 1493 4498; x_wconf 87' lang='lat' dir='ltr'><strong>statim</strong></span> <span class='ocrx_word' id='word_1_355' title='bbox 1505 4432 1591 4500; x_wconf 82' lang='lat' dir='ltr'><strong>vide·</strong></span> 
     </span>
     <span class='ocr_line' id='line_1_38' title="bbox 309 4544 1591 4636; baseline -0.009 -18"><span class='ocrx_word' id='word_1_356' title='bbox 309 4567 343 4618; x_wconf 87' lang='lat' dir='ltr'><strong>st</strong></span> <span class='ocrx_word' id='word_1_357' title='bbox 358 4552 564 4626; x_wconf 87' lang='lat' dir='ltr'><strong>Fabricatoris</strong></span> <span class='ocrx_word' id='word_1_358' title='bbox 579 4549 798 4636; x_wconf 83' lang='lat' dir='ltr'><strong>omnipotentis</strong></span> <span class='ocrx_word' id='word_1_359' title='bbox 813 4548 967 4634; x_wconf 88' lang='lat' dir='ltr'><strong>infinitam</strong></span> <span class='ocrx_word' id='word_1_360' title='bbox 981 4547 1163 4631; x_wconf 85' lang='lat' dir='ltr'><strong>sapientiam</strong></span> <span class='ocrx_word' id='word_1_361' title='bbox 1178 4556 1209 4610; x_wconf 89' lang='lat' dir='ltr'><strong>et</strong></span> <span class='ocrx_word' id='word_1_362' title='bbox 1222 4544 1409 4610; x_wconf 85' lang='lat' dir='ltr'><strong>honitatem:</strong></span> <span class='ocrx_word' id='word_1_363' title='bbox 1435 4545 1591 4624; x_wconf 75' lang='lat' dir='ltr'><strong>insanum,</strong></span> 
     </span>
     <span class='ocr_line' id='line_1_39' title="bbox 310 4657 619 4747; baseline -0.006 -23"><span class='ocrx_word' id='word_1_364' title='bbox 310 4661 363 4747; x_wconf 93' lang='lat' dir='ltr'><strong>qui</strong></span> <span class='ocrx_word' id='word_1_365' title='bbox 378 4657 518 4744; x_wconf 88' lang='lat' dir='ltr'><strong>profiteri</strong></span> <span class='ocrx_word' id='word_1_366' title='bbox 532 4657 619 4722; x_wconf 88' lang='lat' dir='ltr'><strong>nolit.</strong></span> 
     </span>
    </p>
   </div>
   <div class='ocr_carea' id='block_1_3' title="bbox 0 0 1794 5866">
    <p class='ocr_par' dir='ltr' id='par_1_5' title="bbox 0 0 1794 5866">
     <span class='ocr_line' id='line_1_40' title="bbox 0 0 1794 5866; baseline 0 0"><span class='ocrx_word' id='word_1_367' title='bbox 0 0 1794 5866; x_wconf 95' lang='lat' dir='ltr'><strong> </strong></span> 
     </span>
    </p>
   </div>
  </div>
 </body>
</html>
