3554 5832
165 565 288 646 ‚tna
304 569 467 652 raram]
513 569 755 637 rarucrrnr
779 529 1151 636 Mrrnsurrrca.
1404 571 1468 628 aas

174 743 694 828 etCG‚QSetCE)CE†
716 741 1236 812 BG-FRadCE-FS.
1274 741 1468 826 Verrlnr(ob

173 849 989 938 proportionalesBGadCEetM-NadN)
1012 849 1259 919 estetiamCE
1278 859 1311 926 -l-
1333 847 1467 913 BGad

177 958 205 1022 C
221 957 250 1021 E
265 971 300 1023 ut
316 957 356 1022 M
371 957 411 1022 ad
427 958 477 1023 N:
502 957 540 1043 (¹)
559 958 692 1046 ideoque
707 958 830 1022 divisim
846 958 874 1022 F
890 958 922 1023 R
936 958 978 1022 ad
995 957 1023 1022 F
1039 959 1062 1022 S
1081 969 1116 1020 ut
1139 956 1178 1020 M
1193 955 1233 1020 ad
1250 956 1291 1033 N,
1317 967 1349 1019 et
1370 976 1467 1040 prop-

175 1078 260 1127 terea
273 1085 332 1148 per
348 1064 455 1129 Corol.
472 1072 502 1129 2.
520 1065 615 1150 Prop.
632 1065 787 1144 XCVII„
804 1063 982 1149 superficies
998 1063 1067 1128 EF
1082 1063 1166 1148 cogit
1180 1083 1302 1146 corpus,
1319 1061 1351 1123 in
1367 1061 1467 1145 ipsam

174 1169 348 1234 secundum
361 1169 477 1235 lineam
492 1171 526 1236 D
537 1169 565 1235 F
575 1171 725 1249 incidens,
741 1155 874 1258 pergere
885 1171 917 1234 in
928 1169 1011 1233 linea
1024 1169 1051 1234 F
1063 1169 1095 1232 R
1106 1167 1146 1232 ad
1158 1168 1260 1231 locum
1278 1167 1316 1232 B.
1340 1166 1382 1242 Q.
1395 1190 1422 1230 e.
1434 1167 1466 1234 d.

216 1277 371 1343 Scholium.
416 1275 537 1342 Eidem
552 1277 702 1342 methodo
716 1299 848 1366 pergere
861 1277 970 1341 liceret
984 1275 1023 1340 ad
1040 1275 1218 1359 superficies
1234 1286 1296 1338 tres
1319 1273 1369 1338 vel
1392 1272 1464 1358 plu·

175 1405 235 1448 res.
281 1383 335 1447 Ad
351 1405 425 1448 usus
440 1396 544 1448 autern
559 1385 679 1469 opticos
694 1386 829 1449 maxime
841 1381 1082 1448 accommodatae
1092 1392 1165 1446 sunt
1173 1379 1284 1469 figurae
1295 1379 1465 1465 sphaericae.

176 1491 210 1556 Si
224 1489 476 1574 perspicillorum
491 1492 571 1556 vitra
594 1492 748 1577 objectiva
770 1515 811 1556 ex
832 1492 918 1556 vitris
943 1491 1067 1561 duobus
1092 1489 1245 1576 spbaericri
1270 1490 1411 1578 figuratis
1435 1502 1468 1555 et

174 1619 287 1683 aquam
302 1596 383 1660 inter
398 1619 432 1660 se
447 1597 664 1664 claudentibus
686 1587 881 1676 conflentum
904 1598 973 1664 fieri
997 1609 1102 1682 potest
1126 1608 1162 1660 ut
1186 1619 1205 1660 a
1230 1596 1466 1662 refractionibus

173 1728 264 1794 aquae
279 1728 401 1772 errores
416 1706 647 1786 refractionum,
664 1731 735 1792 quae
749 1709 831 1772 fiunt
844 1709 876 1772 in
891 1709 1043 1772 vitrorum
1059 1705 1282 1791 superficiebus
1304 1707 1462 1786 extremis,

175 1816 249 1882 satis
264 1813 407 1880 accurati
422 1817 628 1902 corrigantur.
674 1817 767 1882 Talia
780 1831 881 1884 eutem
898 1818 978 1882 vitra
992 1818 1145 1902 objectiva
1159 1817 1247 1880 vitris
1270 1816 1412 1902 ellipticis
1434 1831 1466 1882 et

172 1923 382 2010 hyperbolicis
397 1923 593 2008 praeferenda
607 1936 689 2002 sunt,
706 1946 769 1988 non
785 1924 887 1989 solum
902 1923 987 2011 quod
1008 1924 1127 1990 facilius
1150 1937 1182 1990 ct
1204 1925 1378 1988 accuratius
1400 1925 1465 1990 for-

173 2033 253 2098 mari
266 2033 397 2117 possint,
414 2031 470 2097 sed
484 2033 677 2119 etiam-quod
699 2033 862 2117 penicillos
883 2033 1043 2099 radiorum
1067 2045 1157 2100 extra
1179 2057 1272 2100 axem
1295 2035 1366 2100 vitri
1390 2036 1465 2100 sitos

174 2141 347 2206 accuratius
362 2140 544 2229 refringant.
590 2140 711 2207 verum
736 2154 840 2208 tamen
864 2141 987 2208 diversa
1012 2142 1205 2208 diversorum
1231 2142 1390 2208 radiorum
1415 2164 1465 2208 re-
1493 2215 1499 2224 ¹

171 2248 378 2338 frangibilitas
392 2251 615 2336 impedimento
630 2263 686 2330 est,
702 2249 765 2336 qud
779 2251 882 2316 minus
897 2252 1001 2336 optica
1013 2273 1071 2337 per
1085 2251 1202 2339 figuras
1224 2252 1273 2316 vel
1297 2251 1464 2336 sphaen’cas

172 2358 222 2424 vel
237 2359 313 2424 alias
329 2381 531 2447 quascunque
546 2359 656 2446 perfici
670 2359 777 2442 possit.
823 2360 894 2424 Nisi
909 2359 1023 2447 corrigi
1036 2359 1157 2443 possint
1171 2380 1291 2424 errores
1305 2358 1391 2424 illinc
1401 2361 1465 2424 ori·

171 2463 260 2544 undi,
276 2465 370 2530 labor
383 2467 486 2530 omnis
500 2467 533 2532 in
549 2467 670 2532 caeteris
684 2466 877 2564 corrigendis
899 2466 933 2547 (ἵ)
955 2463 1098 2552 imperite
1112 2465 1323 2532 collocabitur.

205 2681 242 2748 (ι)
260 2683 274 2712 '
291 2681 390 2745 Ideoque
399 2683 496 2739 divisim,
508 2682 551 2730 &c-
582 2681 645 2730 Nem
657 2695 712 2730 curn
722 2680 752 2728 sit
762 2683 803 2792 {px
835 2679 935 2743 qualiter
944 2678 1089 2744 colliguntur
1097 2694 1113 2727 ι
1123 2678 1182 2728 vitro
1192 2677 1289 2736 oculari,
1307 2677 1352 2726 nisi
1362 2677 1414 2743 ejus
1427 2678 1464 2728 lo-

173 2743 346 2806 demonstratis)
361 2747 409 2794 M:
426 2745 450 2793 N
460 2765 495 2790 =
510 2745 530 2792 C
543 2743 566 2793 Ε
578 2745 611 2810 †
623 2745 751 2793 rso-1²
794 2763 800 2793 c
835 2760 877 2792 cur
887 2743 945 2792 adeo
955 2753 1059 2792 remotus
1068 2741 1098 2790 sit
1108 2751 1136 2791 ut
1145 2741 1293 2790 intervallum
1312 2741 1372 2790 inter
1388 2742 1464 2791 direr-

173 2809 452 2858 cn-rs=cs
509 2807 1464 2870 no=cn‚aauvr.mrunemgrneausmaummeer
1560 2807 1563 2818 ³

171 2873 216 2921 sim
229 2874 259 2922 M
271 2891 278 2922 a
293 2874 361 2922 N=
375 2873 395 2922 F
409 2874 450 2921 R:
497 2873 520 2920 S.
836 2881 945 2920 manente
955 2871 1017 2920 lente
1027 2871 1147 2935 objectivi,
1158 2879 1227 2918 aucto
1238 2871 1289 2917 foco
1300 2869 1369 2918 lentis
1383 2871 1463 2918 ocula-

205 2937 236 3001 (¹)
262 2939 275 2968 ⁰
300 2937 408 2999 imperet
426 2939 578 2986 cedocubt'tnr.
625 2936 688 2984 Vide
705 2935 804 2997 primam
836 2935 868 2983 ris
878 2935 1019 2984 diminuitur
1028 2936 1053 2982 in
1064 2933 1146 2982 eidem
1157 2934 1246 2982 rstlone
1311 2933 1407 2982 lilioetio
1420 2937 1462 2982 ob-

172 3011 263 3062 partem
282 2999 338 3049 Lib·
353 3001 372 3048 1.
386 3001 483 3060 Optlees
495 3000 664 3058 Newanuaae,
684 3002 725 3047 ubl
736 3016 800 3064 egre
832 3000 906 3063 jecti;
922 2999 1022 3062 sicergo
1036 2998 1184 3060 quantumvis
1202 3009 1295 3046 secuml
1326 2998 1463 3062 colligeren-

171 3065 217 3126 giis
227 3063 391 3125 experimentis
401 3074 482 3112 auctor
492 3064 655 3112 demonstravit
676 3065 751 3112 radios
768 3063 803 3112 di·
836 3075 876 3112 tur
885 3063 944 3112 radii
955 3079 996 3126 per
1006 3064 1124 3140 ohjmica
1134 3061 1203 3110 lentis
1213 3061 1321 3124 ligurem
1338 3062 1387 3110 bac
1398 3061 1463 3110 l'oco-

171 3127 231 3174 rersi
253 3127 337 3174 coloris
359 3141 408 3176 ue
430 3129 501 3176 etiarn
523 3126 612 3176 diverse
630 3128 804 3190 refungiblleu
837 3142 890 3174 rum
920 3126 1079 3189 multiplicas·
1101 3125 1238 3188 neutiqurm
1264 3127 1393 3188 corrigetur
1417 3125 1462 3174 nisi

171 3191 236 3238 uude
246 3191 274 3237 fir
285 3198 312 3238 ut
322 3189 390 3238 focus
406 3189 475 3238 lentis
490 3191 610 3254 objectlrae
626 3192 804 3252 relescopiorurn
818 3190 958 3254 *dispendio
968 3189 1153 3251 amplificationis
1169 3189 1265 3254 objecti:
1287 3190 1349 3238 Huc
1361 3191 1463 3238 'l'lreoria

172 3253 209 3316 (in
221 3270 268 3316 quo
279 3255 305 3300 tlt
316 3255 460 3316 objectorum
471 3253 549 3315 imago
567 3267 621 3315 qtrae
637 3261 701 3300 trans
718 3255 803 3302 vitrum
837 3255 980 3304 Newtonuru
997 3253 1028 3302 sd
1044 3253 1202 3302 inventionem
1214 3253 1402 3314 Teleseopiorunr
1416 3255 1461 3302 Ca·

170 3317 266 3366 oculere
278 3317 404 3378 spectatur)
417 3317 506 3364 nonsit
518 3317 610 3374 unicus,
630 3317 670 3364 sed
690 3317 757 3364 loeus
766 3333 804 3364 ra·
834 3319 986 3378 toptricorunr
997 3317 1102 3374 deduxit,
1114 3333 1167 3380 qun
1179 3315 1249 3376 Prop.
1264 3321 1285 3364 7.
1296 3326 1320 3364 et
1330 3323 1353 3364 8.
1368 3317 1421 3364 Lib.
1438 3323 1459 3364 1.

169 3379 264 3429 diorum
276 3381 431 3428 violaceorurn
442 3379 608 3428 remotissimus
623 3379 653 3427 sit
663 3383 693 3428 ab
703 3381 799 3439 oculari,
836 3381 932 3439 opum
941 3383 971 3428 ab
988 3381 1039 3440 ipso
1057 3379 1208 3442 explicantur,
1228 3389 1252 3426 et
1270 3394 1323 3441 quoe
1341 3395 1395 3426 rum
1415 3380 1460 3428 lcvr'

169 3445 240 3492 locus
261 3445 380 3493 radiorum
401 3447 524 3494 rubrorum
546 3445 577 3492 sit
597 3444 724 3505 prosimus,
742 3443 800 3492 redil
833 3443 999 3494 mutationem
1010 3457 1080 3492 usum
1092 3441 1308 3492 communissimum
1319 3445 1409 3492 veui-re.

172 3521 228 3574 ergo
239 3525 268 3558 ex
279 3507 327 3558 illis
337 3507 405 3558 vulis
418 3509 561 3574 imaginibus
576 3509 725 3570 procedentes
743 3507 800 3556 inm·

640 3735 738 3788 nnus
756 3735 854 3786 rom
872 3734 992 3786 Purus.
