3554 5832
167 621 453 701 maneamus]
500 619 737 726 Pnrncnm
769 568 1136 683 Msrnnmlmcl.
1339 711 1342 716 Ι
1384 624 1446 684 aar

651 1039 837 1117 SECTIO
862 1041 951 1117 XII.

357 1289 417 1364 De
432 1311 618 1386 corporum
634 1289 880 1386 aphoricorum
897 1287 1030 1362 viribus
1046 1289 1246 1362 attractivia.

366 1569 650 1637 PROPOSITIO
673 1569 784 1636 LXX.
830 1567 1099 1636 THEOREMA
1123 1569 1241 1635 XXX.

161 1760 197 1826 Si
211 1759 254 1822 ad
266 1757 417 1840 sploen'coe
435 1759 597 1842 mpeyteiei
611 1766 726 1841 puncta
746 1758 864 1842 singulo
885 1757 1009 1820 tendant
1030 1757 1108 1820 vires
1130 1758 1255 1839 commin
1278 1757 1446 1840 centripetae

206 1867 396 1930 decrescentes
410 1866 442 1928 in
465 1863 617 1948 demetata
638 1865 756 1928 ratione
779 1863 987 1928 distantiam
1001 1883 1022 1924 a
1032 1863 1170 1945 pundo:
1193 1864 1259 1926 dico
1281 1866 1359 1946 quod
1382 1886 1445 1926 cor-

199 1974 351 2055 ponam
366 1972 448 2035 imru
462 1972 639 2054 aqrerficiem
652 1971 836 2035 constitution
850 1970 897 2034 lis
911 1969 1020 2034 viritas
1034 1970 1144 2032 nullam
1160 1971 1193 2032 in
1209 1980 1327 2052 partem
1348 1979 1445 2036 attin·

201 2077 293 2140 hitto.

206 2267 254 2333 Sit
270 2265 307 2332 H
323 2267 339 2331 l
356 2265 388 2330 K
405 2266 435 2332 L
451 2265 629 2351 superficies
644 2265 699 2330 illa
712 2264 874 2350 sphaerica,
891 2273 923 2328 et
938 2261 967 2328 P
986 2261 1204 2346 colpusculum
1226 2263 1310 2328 intus
1333 2265 1445 2328 consti-

162 2387 274 2440 tutum.
318 2377 381 2441 Per
397 2376 425 2442 P
439 2390 572 2466 agontur
586 2377 626 2442 od
640 2377 722 2442 hanc
736 2374 932 2462 superficiem
947 2373 1037 2438 lineae
1052 2373 1123 2437 duae
1139 2371 1176 2438 H
1193 2373 1235 2452 K,
1260 2374 1276 2438 1
1293 2373 1332 2452 L,
1356 2397 1445 2442 arcus

160 2506 255 2572 quam
269 2483 414 2550 minimos
430 2487 467 2551 H
482 2487 512 2564 1,
531 2486 563 2550 K
579 2485 608 2550 L
622 2486 872 2570 intercipientes3
895 2497 935 2561 ot,
952 2483 993 2547 ob
1007 2481 1161 2570 triangula
1177 2481 1214 2548 H
1229 2483 1257 2547 P
1272 2483 1299 2562 Ι,
1324 2485 1352 2550 L
1369 2483 1397 2548 P
1412 2483 1445 2550 K

160 2598 230 2680 (per
246 2595 352 2660 Corol.
381 2606 410 2660 3.
439 2597 527 2660 Lem.
553 2595 644 2676 VII.)
668 2596 705 2680 (⁰)
729 2593 849 2670 similia,

159 2725 249 2768 arcus
263 2703 308 2768 illi
322 2718 415 2770 erunt
428 2705 580 2770 distantiis
597 2705 633 2770 H
646 2705 683 2783 P,
696 2705 726 2770 L
739 2703 850 2788 Ppro-

158 2809 361 2894 portionales3
379 2822 410 2875 et
421 2811 594 2895 superficiei
606 2809 767 2896 sphaerioae
777 2829 849 2894 par·
914 2881 916 2886 ¹

158 2909 389 3000 tioulaequoevia
404 2911 443 2976 ad
462 2912 498 2977 H
513 2911 616 2976 IotK
632 2911 670 2989 L,
686 2911 778 2975 rectis
792 2931 849 2996 per

159 3019 585 3106 punotmnPtranseuntibus
594 3019 732 3106 undique
742 3019 848 3082 tormi-
922 3068 945 3134 Ι
1123 3069 1151 3140 P

160 3139 253 3203 natoe,
284 3138 375 3190 mnnt
403 3127 436 3189 in
461 3125 615 3212 duplicati
641 3124 692 3188 illt
719 3125 847 3190 ratione.

160 3233 252 3320 Ergo
267 3232 348 3320 vires
362 3229 473 3296 harum
487 3229 708 3317 particularum
726 3231 759 3295 in
779 3253 849 3296 cor·
941 3311 944 3316 Ι

156 3362 217 3426 pus
234 3339 262 3406 P
278 3339 423 3406 exarcitae
446 3352 519 3404 sunt
543 3339 623 3404 inter
646 3361 680 3403 se
703 3337 869 3426 aequalos.¹

159 3447 242 3512 Sunt
255 3446 339 3511 enim
354 3459 389 3511 ut
399 3445 559 3532 partimiloe
568 3443 695 3523 directt,
708 3457 740 3510 et
750 3445 848 3532 quad·

157 3567 225 3618 rata
242 3553 458 3619 distantiarum
479 3555 610 3622 inverse.
654 3553 699 3619 Et
712 3553 763 3617 hae
777 3552 849 3616 duae

105 3703 107 3709 ·
158 3661 292 3726 rationes
308 3668 500 3746 componunt
519 3661 671 3725 rationem
690 3659 849 3747 aequalita-

157 3770 205 3834 tis.
251 3771 463 3838 Attrsctiones
478 3771 582 3858 igitur,
598 3771 630 3834 in
646 3770 817 3836 contrarias
840 3781 943 3854 partas
966 3769 1126 3856 aequaliter
1148 3769 1249 3850 faetta,
1277 3795 1310 3837 se
1333 3785 1443 3840 mutuo

158 3880 328 3948 destruent.
374 3880 418 3946 Et
431 3879 523 3944 simili
538 3892 732 3969 argumento,
749 3877 947 3944 attractiones
962 3900 1069 3943 omnes
1080 3901 1138 3970 par
1152 3891 1249 3945 totam
1259 3879 1442 3965 sphaericam

157 3992 351 4076 superficiem
376 4015 396 4055 a
420 3991 583 4056 contrariis
608 3991 840 4054 attractionibus
862 3989 1070 4054 destruuntur.
1117 3989 1255 4054 Proinde
1277 4011 1390 4074 corpus
1414 3987 1442 4053 P

156 4099 272 4166 nullam
288 4104 320 4168 in
335 4115 457 4190 partem
470 4100 520 4166 his
535 4099 769 4166 attractionibus
783 4097 961 4184 impellitur.
1007 4097 1049 4174 Q.
1064 4121 1092 4162 e.
1108 4097 1139 4163 d.

189 4333 225 4444 ς)
248 4335 261 4363 '
284 4335 377 4392 Similia,
394 4335 437 4382 &o
473 4333 566 4396 Angali
582 4331 645 4380 anim
666 4331 694 4380 H
714 4331 736 4380 Ρ
756 4331 778 4388 1,
812 4329 834 4382 P
852 4331 929 4380 ductu
947 4331 1108 4396 intelligantur
1123 4332 1252 4380 innumera
1269 4341 1338 4382 rocta
1354 4333 1385 4382 ad
1401 4349 1438 4383 ar.

157 4395 180 4446 L
228 4395 252 4444 K
264 4395 410 4446 advortioam
420 4397 527 4460 oppositi,
544 4405 568 4445 st
584 4395 666 4460 anguli
684 4395 710 4443 H
723 4395 737 4443 1
750 4395 779 4450 L,
810 4411 852 4444 cus
873 4396 1052 4458 quamminimos
1072 4405 1101 4444 ut
1118 4395 1145 4444 H
1167 4397 1189 4454 1,
1210 4397 1235 4444 K
1257 4395 1279 4444 L
1300 4397 1429 4446 terminata

158 4459 219 4510 LK
232 4460 259 4508 H
270 4459 347 4508 eldam
364 4463 426 4510 aaut
445 4463 576 4509 insistentes
593 4471 715 4522 aquantur
731 4467 783 4523 (per
813 4469 882 4507 rectas
893 4459 940 4508 illre
950 4459 1037 4523 figuras
1053 4457 1138 4508 solidas
1155 4459 1297 4524 (pyramides
1307 4462 1344 4508 rel
1354 4433 1437 4525 oonosl

156 4521 227 4584 Prop.
242 4529 280 4574 2¹1.
300 4523 353 4572 Lib.
371 4530 394 4572 ὅ.
415 4525 506 4587 Elam)
526 4525 589 4572 Nun
605 4538 673 4570 arcus
688 4538 782 4570 evaneo
813 4522 900 4570 similas
916 4523 1051 4572 formabunt
1068 4538 1171 4586 quorum
1189 4525 1254 4572 bassa
1272 4525 1298 4572 in
1316 4527 1437 4588 superficie

156 4595 235 4634 emtas
246 4587 260 4635 1
274 4585 309 4644 H,
323 4587 347 4634 K
361 4585 390 4644 L,
402 4603 444 4647 pro
454 4589 556 4649 ipsorum
568 4585 660 4634 obordis
674 4587 781 4648 usurpari
813 4585 924 4646 sabarici
935 4587 1022 4636 similas
1031 4595 1106 4642 arunt.
1119 4596 1142 4636 et
1153 4585 1249 4648 proinde}
1261 4592 1313 4650 (per
1322 4590 1389 4638 laona.
1398 4590 1436 4651 5.)

155 4649 778 4772 ml.t“ta³÷¹m⁷·’t⁰ttmtl
811 4650 1346 4768 alamanno
1367 4653 1393 4730 ¹³-
1414 4655 1435 4711 ¹·

156 4747 470 4844 athincsiadmparfician
477 4729 780 4840 mhiriffmpapuncmm
811 4777 854 4824 tac.
1177 4750 1185 4776 ’
1258 4751 1264 4766 ι
1321 4735 1361 4780 Ψ
1372 4735 1435 4778 Μ’

779 4861 831 4910 ΖΒ
