3580 5866
724 527 985 596 ERAEFATIO.
1437 533 1493 598 xxi

190 697 356 782 «munte,
381 717 507 790 quaet
520 702 831 814 ipsaphiloanphiam
845 701 969 770 subruit
977 707 1163 784 universam,
1179 707 1345 792 vixopera
1359 709 1495 792 pretinm

193 827 245 881 est
261 814 439 878 inmrorari.
488 813 552 878 Vel
574 813 660 876 enirn
685 813 868 900 gravitmem
893 814 1077 898 corporibus
1102 813 1248 880 omnibus
1273 814 1403 880 inditam
1424 834 1495 883 esse

191 925 373 1014 negabunt:
398 924 492 1012 quod
510 935 616 988 tamen
633 922 694 986 diei
718 943 784 986 non
802 936 924 1007 potesta
948 923 997 988 vel
1014 947 1053 989 eo
1073 926 1201 990 nomine
1219 939 1335 1010 praeter
1351 939 1496 998 naturam

190 1055 261 1099 esse
275 1033 495 1110 affirmabunt,
518 1030 604 1118 quod
615 1051 655 1095 ex
669 1030 738 1094 aliis
752 1052 921 1115 corporum
943 1031 1158 1099 effectionibus
1173 1038 1267 1120 atque
1280 1033 1352 1100 iden
1366 1057 1407 1098 ex
1422 1057 1495 1102 cau·

191 1145 238 1208 sis
250 1143 446 1208 mechanicis
468 1141 625 1230 originem
647 1163 713 1204 non
729 1140 853 1206 habeat
897 1143 1024 1208 Dantur
1044 1144 1128 1210 certe
1147 1146 1305 1230 primariae
1327 1167 1495 1231 corporum

191 1251 397 1328 affectiones3
421 1273 495 1338 quoe
510 1251 658 1338 quoniam
673 1265 747 1316 sunt
760 1252 927 1337 primariae,
950 1273 1015 1317 non
1028 1253 1169 1340 pendent
1183 1253 1223 1318 ab
1234 1253 1311 1318 aliia.
1349 1254 1496 1318 Viderint

192 1363 294 1452 igitur
314 1383 424 1426 armon
447 1375 481 1426 et
500 1362 553 1425 hoe
581 1382 691 1426 omnes
715 1364 778 1426 sint
799 1362 917 1447 pariter
939 1375 1056 1446 praeter
1078 1376 1232 1440 naturam,
1256 1385 1356 1449 eoque
1378 1363 1496 1448 pariter
1550 1444 1552 1450 Α

192 1471 397 1558 rejiciendae:
418 1471 557 1536 viderint
570 1469 646 1536 verb
658 1470 758 1557 qualis
773 1472 813 1535 sit
825 1471 942 1535 deinde
956 1469 1061 1536 futura
1075 1469 1284 1556 philosophia.

247 1581 401 1647 Nonnulli
418 1597 493 1646 sunt
512 1581 624 1667 quibus
640 1581 711 1645 haec
734 1594 800 1648 tota
814 1582 944 1668 physice
953 1583 1087 1648 coelestis
1101 1583 1157 1648 rel.
1171 1583 1243 1648 ided
1262 1583 1366 1648 mimis
1380 1583 1493 1670 placet,

205 1689 291 1777 qnbd
308 1711 379 1754 curn
398 1689 533 1754 Cartesii
553 1688 754 1777 dogmatibus
770 1711 914 1777 pugnare
932 1701 965 1754 et
982 1691 1037 1754 vix
1055 1691 1327 1785 conciliari'posse
1343 1691 1493 1758 videatur.

201 1797 266 1864 His
284 1799 340 1862 suh
358 1797 468 1862 licebit
485 1797 632 1881 opinione
650 1797 730 1874 frui3
752 1817 793 1861 ex
810 1819 903 1884 aequo
923 1811 1029 1862 autem
1046 1809 1143 1885 agant
1159 1811 1307 1883 oportet:
1330 1821 1396 1862 non
1417 1821 1495 1885 ergo

198 1907 407 1996 denegabunt
426 1906 637 1971 aliiaeundem
657 1906 833 1972 libertatem
848 1929 943 1993 quam
961 1907 1021 1971 sibi
1041 1906 1171 1971 eoncedi
1185 1907 1354 1990 postulant
1402 1907 1494 1972 New-

198 2015 362 2080 tonianem
390 2013 511 2101 itaque
527 2012 770 2100 philosophiam,
794 2035 865 2102 quae
888 2015 980 2080 nobis
1003 2015 1106 2078 verior
1130 2014 1274 2092 habetur,
1306 2015 1439 2080 retinere
1463 2025 1496 2078 et

197 2121 347 2208 amplecti
377 2121 494 2199 licebit,
518 2133 550 2185 et
572 2143 681 2185 causas
704 2123 792 2209 sequi
820 2144 879 2207 per
902 2121 1111 2206 phaenomena
1137 2123 1367 2208 comprobatas,
1389 2119 1494 2208 potitis

199 2255 296 2320 quam
309 2232 401 2296 fictas
421 2245 454 2296 et
470 2231 611 2296 nondum
630 2233 860 2319 comprobatas.
905 2231 959 2296 Ad
974 2253 1079 2296 veram
1101 2230 1333 2316 philosophiam
1347 2232 1493 2316 pertinet,

200 2365 309 2408 rerum
327 2357 456 2408 naturas
471 2365 512 2407 ex
527 2345 628 2408 causis
643 2342 717 2406 vere
732 2343 938 2408 existentibus
954 2341 1117 2406 derivare:
1141 2363 1193 2404 ees
1217 2339 1293 2404 verb
1307 2341 1392 2427 leges
1408 2363 1495 2427 quae·

203 2471 287 2526 rere,
311 2451 423 2538 quibus
436 2449 533 2514 voluit
552 2473 691 2515 summus
715 2449 822 2533 opifex
845 2449 931 2512 huno
950 2449 1061 2512 mundi
1078 2447 1325 2530 pulcherrimum
1351 2448 1495 2512 ordinem

209 2555 364 2632 stabilire3
387 2579 448 2620 non
461 2579 513 2622 eas
527 2557 641 2643 quibus
655 2556 769 2641 potuit,
792 2557 819 2619 si
836 2555 880 2620 ita
895 2555 996 2618 visum
1010 2554 1128 2620 fuisset.
1176 2552 1304 2616 Rationi
1318 2553 1402 2624 enim
1417 2577 1496 2618 con·

205 2687 317 2729 sonum
333 2681 389 2743 est,
413 2679 447 2730 nt
461 2689 479 2730 a
492 2665 636 2751 pluribus
648 2665 760 2741 causis,
779 2664 819 2729 ab
834 2655 971 2728 invicem
984 2661 1129 2728 nonnihil
1144 2661 1384 2738 diversis,‚idem
1398 2665 1496 2747 possit

201 2773 331 2838 effeetus
353 2775 533 2860 proficisci:
555 2773 626 2838 heae
651 2787 755 2840 eutem
776 2795 850 2840 vera
870 2775 931 2838 erit
948 2796 1050 2850 eausa,
1075 2795 1116 2838 ex
1133 2795 1198 2859 qua
1216 2771 1288 2838 vere
1306 2787 1400 2860 atque
1424 2788 1496 2840 actu

201 2884 429 2968 proficiscitur3
452 2885 583 2972 reliquoe
597 2885 701 2949 losum
724 2905 789 2948 non
806 2885 926 2949 habent
946 2886 979 2948 in
998 2883 1198 2969 philosophiis
1219 2883 1302 2950 verri·
1347 2886 1386 2950 In
1401 2884 1495 2950 horo-

202 2990 295 3080 logiis
321 2993 488 3057 automatis
505 2991 590 3056 idem
609 2991 721 3055 indicis
743 2991 861 3056 horarii
878 3003 981 3055 motus
996 2990 1046 3056 vel
1066 2990 1107 3056 ab
1126 3011 1266 3075 appenso
1283 2991 1424 3076 pondere
1446 2991 1495 3055 vel

202 3097 342 3164 abintus
357 3099 506 3163 concluso
521 3099 637 3164 elatere
657 3099 733 3162 oriri
747 3110 861 3182 potest
907 3097 1006 3172 Quod
1020 3098 1047 3162 si
1072 3097 1213 3174 oblatum
1227 3097 1425 3183 horologium
1445 3119 1496 3163 re·

206 3205 284 3269 seria
296 3207 336 3271 sit
347 3208 533 3271 instructum
550 3207 712 3292 pondere3
735 3205 889 3270 ridebitur
913 3205 968 3291 qui
982 3203 1082 3292 linget
1106 3204 1264 3281 elaterem,
1288 3215 1320 3268 et
1337 3225 1377 3266 ex
1394 3203 1496 3290 hypo-

204 3315 289 3379 thesi
304 3315 350 3379 sie
362 3315 561 3401 praepropere
576 3313 709 3380 conflet
724 3325 846 3378 motum
862 3311 973 3376 indicis
994 3310 1152 3396 explicere
1167 3310 1333 3395 suscipiet:
1356 3313 1496 3396 oportuit

200 3425 288 3489 eninr
302 3423 456 3489 internam
470 3424 625 3490 machinae
639 3423 789 3488 fabricam
803 3422 939 3507 penitida
958 3421 1157 3506 perscrutari,
1182 3433 1218 3486 ut
1236 3421 1278 3484 ita
1303 3421 1407 3486 motus
1422 3443 1496 3506 pro·

199 3531 297 3616 positi
310 3531 501 3618 principium
523 3553 634 3596 verum
648 3529 846 3614 exploratum
861 3529 1108 3613 habereposset.
1155 3519 1245 3592 Idem
1265 3528 1315 3594 vel
1334 3549 1399 3594 non
1413 3531 1495 3596 absi·

202 3639 278 3704 mile
291 3639 410 3705 feretur
423 3641 580 3725 judicium
601 3640 642 3705 de
655 3639 853 3724 philosophis
867 3638 938 3716 illia,
962 3639 1017 3724 qui
1037 3637 1166 3702 materiai
1182 3638 1317 3726 quddam
1332 3640 1496 3706 subtilissi-

201 3745 255 3812 mi
270 3747 366 3813 eoelos
380 3771 451 3813 esse
465 3749 610 3834 repletos,
634 3749 717 3815 hane
730 3750 877 3814 sutemin
889 3751 1020 3816 vortices
1035 3751 1247 3816 indesinenter
1257 3751 1309 3838 agi
1319 3751 1494 3816 voluerunt.

202 3857 289 3922 Nem
303 3881 323 3920 a
335 3857 553 3942 phmnomenis
568 3857 618 3922 vel
632 3857 863 3922 accuratissime
878 3857 1054 3924 satisfecere
1071 3870 1201 3942 possent
1215 3879 1256 3923 ex
1270 3857 1496 3944 hypothesibus

200 3964 287 4042 suis3
310 3985 418 4028 reram
432 3977 536 4029 temen
550 3963 781 4050 philosophiam
796 3965 971 4043 tradidisse,
995 3967 1029 4030 et¹
1041 3988 1130 4032 veras
1144 3987 1254 4032 censes
1275 3979 1418 4032 motuum
1432 3987 1496 4030 coe·

200 4073 330 4138 lestium
343 4075 501 4138 invenisse
515 4075 657 4140 nondum
674 4074 801 4140 desidi
822 4087 915 4151 sunt3
937 4075 997 4138 nisi
1019 4075 1069 4143 vel
1082 4075 1141 4140 has
1155 4073 1265 4140 reverti
1279 4076 1421 4150 existere,
1445 4073 1495 4137 vel

201 4185 313 4250 saltem
324 4185 403 4250 alias
414 4207 480 4250 non
494 4187 628 4252 existere
642 4185 933 4250 demonstraverint.
978 4185 1080 4274 Igitur
1094 4184 1122 4249 si
1136 4197 1295 4250 ostensum
1310 4181 1413 4260 firerit,
1425 4183 1495 4246 uni·

202 4313 367 4357 versorum
387 4313 557 4378 corporum
571 4293 788 4360 attractionem
807 4291 925 4358 habere
938 4313 1048 4357 verum
1060 4291 1168 4358 locum
1189 4292 1223 4354 in
1236 4310 1341 4354 rerum
1364 4288 1494 4366 ueturi3

198 4403 376 4490 quinetiam
392 4417 553 4468 ostensum
567 4403 669 4482 firerit,
693 4403 754 4491 qui
775 4403 894 4468 ratione
911 4416 1016 4468 motus
1030 4425 1140 4470 omnes
1160 4400 1301 4467 eoelestes
1315 4400 1430 4466 abinde
1444 4423 1495 4466 so·

195 4511 356 4578 lutionem
389 4510 559 4595 recipiant3
582 4533 663 4576 vana
683 4505 778 4576 suerit
801 4523 834 4576 et
857 4509 970 4576 meritb
993 4509 1166 4578 deridenda
1189 4508 1334 4596 objectio,
1368 4508 1394 4573 si
1425 4510 1494 4594 quis

195 4619 317 4684 dixerit
330 4615 465 4684 eosdem
480 4629 583 4682 motus
598 4639 655 4702 per
669 4618 802 4684 vortices
815 4618 965 4703 explicari
980 4618 1106 4696 debere,
1131 4617 1252 4682 etiamsi
1270 4617 1303 4682 id
1319 4616 1388 4684 fieri
1401 4639 1495 4702 posse

844 4729 892 4776 hd
