3554 5832
352 447 413 505 854
649 435 989 506 PHILOSOPHIAE
1012 433 1283 502 NATURALIS
1355 431 1629 514 [MonConeou.

349 615 430 678 rium
444 613 615 678 secundum
630 607 858 706 Propositionis
873 613 998 678 LVIII.
1015 611 1161 676 collatum
1175 631 1248 674 cum
1261 607 1479 676 demonstratis
1489 609 1524 672 in
1535 606 1634 694 Prop.

349 724 475 788 LXIV.
491 738 523 787 et
540 723 644 787 LXV.
690 723 895 787 Perturbatur
910 722 966 785 iste
980 733 1084 786 motus
1096 721 1249 804 ellipticus
1263 719 1488 806 aliquantulum
1501 737 1559 802 per
1568 717 1635 783 dis-

347 835 476 897 tantiam
490 833 589 896 centri
603 831 738 895 duorum
752 855 771 894 a
786 843 902 907 centro,
913 830 947 893 in

347 937 432 1022 quod
446 935 572 998 tertium
588 935 611 998 S
626 933 799 1000 attrahitur.
843 932 948 998 Detur

348 1055 500 1127 praetereu
527 1053 630 1105 motus
660 1039 816 1105 communi
852 1041 960 1103 trium
998 1073 1020 1136 S
1392 1110 1399 1121 ο

347 1169 464 1234 centro,
494 1167 527 1220 et
554 1155 717 1243 'augebitur
745 1151 947 1237 perturbatio.
1039 1161 1068 1176 ·““
1070 1163 1403 1186 ·····························
1399 1120 1415 1187 ⁷·
1415 1143 1460 1252 it}

348 1261 485 1326 Proinde
513 1261 642 1348 minima
669 1269 717 1324 est
744 1257 948 1344 perturbatio,
975 1325 981 1342 ‚
1206 1261 1208 1266 ’
1427 1228 1454 1296 Ἰ

347 1369 400 1432 ubi
415 1391 579 1433 commune
601 1367 696 1432 trium
717 1377 857 1430 centrum
878 1365 947 1452 quie
976 1363 981 1372 ’

347 1479 442 1553 escit3
464 1475 525 1540 hoc
539 1487 597 1554 est,
613 1475 667 1540 ubi
679 1495 791 1558 corpus
802 1472 947 1537 intimum

348 1596 380 1648 et
394 1585 564 1647 maximum
580 1583 612 1648 T
626 1583 695 1670 le'ge
711 1594 894 1645 caeterorum
909 1577 1092 1643 attrahitur:
1115 1577 1211 1661 fitq'ue
1225 1577 1325 1660 major
1335 1594 1465 1658 semper,
1478 1573 1635 1637 ubitn'um

351 1715 517 1758 commune
531 1691 610 1756 illud
625 1705 777 1768 centrum,
802 1688 836 1776 (f)
851 1689 1021 1753 minuendo
1035 1699 1156 1752 motum
1170 1686 1309 1770 corporis
1324 1685 1366 1763 T,
1383 1685 1502 1750 moveri
1515 1683 1635 1768 incipit,

349 1811 381 1862 et
395 1799 501 1886 magis*
511 1797 658 1883 deinceps
673 1797 834 1884 magisque
848 1795 992 1882 agitatur.

396 1909 493 1972 Corol.
518 1908 560 1971 Et
574 1907 658 1985 hinc,
675 1907 701 1971 si
716 1917 847 1992 corpora
868 1905 961 1990 plura
982 1904 1104 1968 minora
1126 1904 1326 1970 revolvantur
1348 1903 1430 1966 circa
1453 1904 1634 1981 maximum,

347 2014 497 2102 colligere
512 2013 585 2078 licet
609 2011 694 2098 quod
718 2011 830 2075 orbitae
851 2009 1016 2095 descriptae
1036 2011 1165 2095 propius
1189 2009 1337 2073 accedent
1359 2009 1400 2074 ad
1424 2009 1577 2092 elliptiras,
1601 2021 1636 2074 et

346 2141 490 2186 arearum
505 2119 730 2203 descriptiones
754 2117 831 2181 fient
854 2116 954 2203 magis
981 2116 1159 2202 oequubiles‚
1185 2114 1211 2180 si
1237 2137 1370 2200 corpora
1392 2116 1495 2178 omnia
1518 2116 1636 2179 viribus

346 2227 622 2303 acceleratricibus,
639 2247 709 2311 quae
724 2236 797 2288 sunt
811 2235 846 2287 ut
860 2244 968 2288 eorum
984 2223 1064 2286 vires
1080 2218 1229 2286 absolutae
1241 2220 1356 2284 directd
1368 2233 1399 2283 et
1410 2220 1561 2306 quadrata
1571 2221 1635 2286 dis-

346 2339 513 2402 tttntiarum
528 2333 659 2412 inversd,
677 2357 710 2399 se
725 2346 834 2399 mutuo
849 2332 974 2398 trahant
988 2331 1176 2420 agitentque,
1193 2343 1224 2394 et
1239 2331 1349 2394 orbitae
1363 2331 1511 2415 cujusque
1532 2331 1635 2395 umbi·

347 2442 428 2510 licus
441 2444 613 2509 collocetur
628 2442 662 2506 in
679 2441 836 2506 communi
852 2451 960 2504 centro
981 2439 1139 2526 gravitatis
1160 2449 1326 2522 corporum
1348 2436 1486 2499 omnium
1510 2437 1636 2500 interio-

346 2573 416 2615 rum
441 2553 508 2635 [(⁸)
526 2551 675 2616 nimirum
691 2547 854 2612 umbilicus
869 2547 979 2610 orbitae
993 2545 1104 2630 primae
1118 2556 1151 2608 et
1164 2545 1281 2610 intimae
1295 2543 1327 2606 in
1349 2554 1457 2606 centro
1478 2543 1636 2630 gravitatis

346 2659 488 2740 corporis
504 2657 635 2722 maximi
650 2668 683 2719 et
697 2653 817 2730 intimi3
840 2652 892 2716 ille
907 2651 1017 2716 orbitae
1032 2649 1186 2728 secundae,
1209 2650 1243 2712 in
1258 2649 1414 2712 communi
1437 2665 1544 2712 centro
1565 2671 1636 2736 gra·

348 2762 449 2825 vitatis
464 2783 634 2847 corporum
650 2761 785 2824 duorum
800 2759 1001 2834 intimorum3
1022 2757 1079 2820 iste
1093 2757 1202 2833 tertioe,
1225 2754 1258 2818 in
1273 2755 1429 2818 communi
1444 2769 1551 2818 centro
1563 2778 1635 2842 gra·

347 2867 448 2931 uitatis
463 2867 560 2932 trium
576 2867 780 2942 interiorum3
803 2865 893 2929 etsie
908 2865 1070 2947 deinceps]
1092 2883 1187 2946 quum
1201 2861 1227 2926 si
1241 2881 1355 2946 corpus
1369 2861 1509 2926 intimum
1531 2862 1635 2948 quies·

347 2985 398 3037 cat
413 2985 444 3037 et
460 2985 613 3038 statuatur
628 2974 801 3037 communis
815 2972 979 3037 umbilicus
993 2971 1164 3035 orbitarum
1178 2972 1327 3035 omnium.

533 3247 818 3314 PROPOSITIO
841 3247 972 3314 LXIX.
1018 3235 1288 3314 THEOREMA
1312 3249 1449 3314 XXIX.

344 3417 382 3480 Is
398 3429 549 3502 systemate
563 3443 715 3503 corporum
725 3423 868 3504 plurium,
885 3421 926 3498 A,
944 3421 982 3496 Β,
1000 3419 1037 3499 C,
1054 3419 1097 3496 D,
1114 3421 1170 3484 &a
1192 3421 1220 3482 si
1240 3439 1344 3500 corpus
1357 3421 1479 3502 aliquod
1493 3425 1523 3484 A
1537 3421 1632 3482 trabit

388 3537 493 3590 coetera
508 3531 608 3591 omnia
625 3529 662 3606 B,
687 3529 725 3607 C,
743 3529 785 3607 D,
803 3531 859 3594 &n
882 3529 992 3593 viribus
1006 3527 1256 3592 acceleratricilus
1276 3549 1342 3611 quae
1355 3539 1422 3591 nent
1435 3526 1579 3610 reciproce*
1598 3537 1632 3590 ut

346 3717 455 3781 legantur
468 3717 641 3778 Propositionea
652 3727 691 3769 64.
705 3725 744 3770 65.
766 3721 917 3770 Perturbatur
932 3721 976 3769 ista
1007 3733 1034 3768 uc
1044 3719 1120 3781 magia
1129 3718 1238 3780 deinceps
1248 3718 1372 3781 agitabitur
1388 3729 1494 3768 caunum
1508 3733 1631 3766 commune

345 3793 425 3829 motus
447 3781 562 3844 ellipticus
583 3783 755 3845 aliquantulum
776 3801 818 3846 per
844 3785 976 3833 distantiam
1006 3783 1124 3846 gravitatis
1134 3783 1205 3830 trium
1216 3798 1346 3844 corporum.

346 3845 419 3894 centri
433 3845 462 3900 Ο,
476 3845 578 3892 duorum
592 3845 648 3894 Pet
659 3847 682 3895 Τ
692 3863 707 3895 ι
717 3859 797 3895 centro
808 3849 833 3895 ln
850 3849 913 3910 quod
929 3857 976 3896 ter·
1040 3847 1074 3911 (⁸)
1093 3851 1106 3876 ⁰
1124 3849 1248 3896 Nimirum
1258 3850 1379 3896 summimus
1388 3849 1464 3895 orbita
1473 3847 1583 3908 pulmoeet
1595 3849 1631 3894 irr-

346 3911 404 3957 tium
426 3911 443 3956 S
460 3909 565 3957 trahitur.
607 3911 687 3958 Detur
702 3913 813 3971 pmoetemd
832 3923 907 3962 motus
926 3927 974 3960 nou
1005 3912 1075 3968 titre,
1086 3925 1156 3973 quam
1168 3927 1188 3956 v.
1201 3926 1237 3972 gr.
1250 3926 1440 3972 corpuspnrvum
1458 3911 1479 3960 P
1495 3911 1532 3958 bit
1547 3910 1632 3958 dewi-

346 3973 469 4020 uniformis
485 3974 510 4020 in
530 3973 645 4020 directum
662 3979 781 4022 communi
799 3979 870 4024 trium
890 3985 973 4032 centro,
1006 3975 1076 4022 bitin
1087 3983 1163 4022 oerum
1173 3977 1291 4036 grauitatis
1301 3977 1396 4035 corporis
1411 3977 1504 4022 murimi
1520 3985 1542 4023 et
1556 3976 1633 4022 iutiati

348 4036 421 4100 {quod
441 4038 568 4101 continget,
590 4036 713 4098 ricorpus
730 4037 840 4086 intimum
859 4049 883 4086 et
900 4039 975 4084 maxi·
1011 4037 1105 4100 rquod
1118 4036 1167 4085 lare
1182 4037 1291 4084 coincidit
1306 4051 1361 4085 curn
1377 4038 1496 4086 communi
1512 4049 1591 4085 centro
1608 4037 1631 4084 0

346 4115 412 4146 mum
425 4102 456 4157 Τ,
468 4101 521 4164 lege
536 4111 673 4148 catatonum
690 4115 738 4147 non
754 4103 882 4159 attrahitur,
901 4111 929 4148 ut
946 4115 975 4148 aa
1007 4101 1127 4164 gravitatis
1145 4101 1247 4148 duorum
1267 4101 1329 4149 Pet
1341 4103 1364 4149 T
1382 4105 1435 4165 (per
1452 4103 1505 4150 Ces.
1527 4107 1547 4148 1.
1563 4103 1633 4161 l’rop.

345 4163 415 4212 dictis
430 4167 504 4225 patet)
521 4175 542 4214 et
564 4167 685 4226 augebitur
702 4167 852 4226 perturbatio,
869 4165 973 4227 protrudi,
1007 4165 1078 4226 65.);
1102 4165 1228 4212 umbilicus
1242 4168 1319 4213 orbita
1335 4168 1442 4212 rectruda
1458 4180 1528 4227 quam
1549 4181 1571 4212 v.
1594 4179 1630 4227 gr.

345 4227 389 4274 &o
1005 4243 1090 4288 corpus
1102 4228 1237 4275 Sdcscribit
1247 4233 1274 4277 in
1288 4230 1406 4277 mmuai
1423 4239 1500 4277 centro
1516 4231 1634 4290 puritatis

378 4291 409 4354 (¹)
427 4295 440 4322 ⁶
459 4295 586 4341 Minuentlo
597 4303 685 4342 motum
696 4295 793 4354 romaric
807 4293 834 4345 T,
844 4293 886 4340 dte.
919 4291 974 4346 Qut
1007 4292 1039 4348 0,
1057 4309 1178 4354 corporum
1196 4297 1297 4340 duorum
1312 4295 1447 4340 tertiolorum
1458 4295 1512 4340 Pet
1527 4295 1563 4348 t·.·
1579 4307 1634 4338 um-

345 4353 434 4402 ratt'one
446 4355 472 4401 iit
483 4365 621 4403 utcentrum
629 4371 754 4402 commune
761 4355 832 4402 trium
841 4368 973 4417 corporum,
1007 4356 1090 4403 bilicus
1101 4360 1172 4403 tertia·
1184 4355 1264 4402 orbita
1275 4369 1344 4416 quarn
1361 4354 1426 4403 uliud
1442 4371 1525 4416 corpus
1540 4355 1636 4417 longius

345 4417 434 4464 Intersit
445 4417 502 4464 dum
514 4433 609 4479 corpora
622 4421 673 4466 Set
685 4423 704 4468 P
714 4430 844 4476 morentur,
861 4435 924 4466 nunc
935 4435 973 4466 uo-
1006 4419 1095 4467 distent
1110 4419 1247 4466 dasenberet
1261 4423 1287 4466 im
1302 4422 1421 4468 cumomni
1431 4430 1508 4468 centro
1516 4421 1636 4481 gruuitotia

345 4481 413 4529 cedat
423 4483 452 4528 ad
464 4496 547 4542 corpus
558 4485 582 4530 Τ
592 4485 748 4530 nuncubillo
759 4483 857 4538 recedat,
868 4499 910 4544 pro
919 4497 973 4529 mu.
1005 4487 1075 4531 trium
1093 4486 1228 4531 inter-iorum
1240 4487 1269 4539 P,
1286 4482 1402 4539 T,S,&c.
1436 4483 1500 4530 Nam
1518 4483 1581 4530 idern
1600 4491 1638 4528 ast

346 4545 395 4592 tuti
406 4559 530 4604 corporum
541 4546 638 4592 illorum
654 4547 771 4602 distendi,
790 4559 813 4593 et
832 4549 887 4594 hinc
906 4547 980 4608 magii
1011 4546 1159 4593 indoctorum
1168 4561 1209 4592 seu
1220 4546 1263 4592 uia
1272 4561 1316 4594 seu
1331 4557 1431 4607 quatuor
1447 4554 1489 4594 tut
1504 4545 1574 4608 plum
1589 4545 1637 4594 n‘at

346 4623 374 4655 ac
387 4608 462 4672 magis
472 4610 644 4670 perturbabitur
655 4620 734 4660 motus
744 4611 863 4672 cllipticus
872 4619 896 4659 et
905 4611 981 4674 mugio
1012 4625 1107 4672 corpora
1119 4609 1192 4674 (utin
1205 4610 1275 4672 Prop.
1289 4615 1328 4660 64.
1343 4608 1396 4675 65.)
