3572 5854
329 499 390 556 314
634 489 971 558 PHILOSOPHIAE
994 488 1263 556 NATUttatts
1328 485 1438 568 [Mor.
1450 491 1598 554 mama.
1760 345 1769 568 ψ

326 676 428 730 motus
441 663 530 728 initio
543 663 698 748 descripta
710 677 782 728 sunt
792 663 827 728 ia
841 615 997 750 iluplieatri
1012 663 1131 728 ratione
1152 631 1337 746 temporum.
1380 661 1521 726 Ponatur
1541 660 1600 748 igi·

326 785 378 838 tar
391 773 537 837 vslodtas
556 773 694 856 corporis
720 793 743 855 p
765 793 833 836 asae
853 770 895 836 ad
917 769 1111 838 velocitatem
1134 769 1273 854 corporis
1289 767 1316 832 P
1330 767 1363 832 ia
1386 765 1601 851 subduplimtt

328 1749 446 1814 ratione
460 1748 613 1814 distantia
628 1771 643 1814 s
656 1769 678 1834 p
692 1745 734 1813 ad
748 1745 923 1812 distanfiam
940 1747 968 1812 C
985 1745 1023 1826 P,
1038 1767 1077 1813 eo
1099 1759 1134 1813 ut
1159 1751 1362 1836 temporibus,
1390 1771 1460 1838 que
1486 1754 1548 1818 sint
1570 1755 1603 1820 in

328 1855 437 1924 cladem
453 1856 664 1944 subduplicatt
679 1857 807 1932 ratione,
824 1855 1037 1920 describantur
1051 1879 1142 1922 arcus
1155 1881 1177 1944 p
1196 1883 1226 1948 q,
1247 1861 1272 1926 P
1287 1861 1330 1938 Q,
1354 1863 1406 1948 qui
1421 1864 1539 1926 suntin
1553 1885 1605 1928 m.

329 1967 412 2030 tione
427 1966 567 2054 integri:
591 1967 634 2031 Et
648 1985 777 2048 corpora
793 1963 830 2042 P,
846 1985 867 2048 p
882 1964 997 2028 viribus
1014 1965 1187 2050 aequalibus
1200 1989 1323 2050 semper
1343 1981 1473 2032 attracta
1489 1969 1605 2034 descri-

330 2075 406 2139 bent
416 2073 531 2138 droam
546 2087 652 2138 centra
665 2069 852 2159 quiescentia
864 2071 892 2134 C
904 2083 935 2134 et
949 2093 964 2134 s
979 2071 1094 2158 figuras
1108 2072 1221 2136 similes
1234 2073 1262 2138 P
1273 2073 1306 2150 Q
1317 2075 1358 2152 V,
1371 2097 1391 2158 p
1403 2099 1424 2160 q
1434 2099 1464 2153 v,
1474 2099 1605 2162 quarum

330 2183 482 2266 posterior
496 2202 517 2265 p
533 2203 554 2267 q
568 2201 587 2242 v
602 2177 708 2242 similis
724 2190 771 2242 est
784 2189 816 2242 et
829 2176 956 2260 equalis
969 2175 1090 2262 figurae,
1113 2200 1205 2262 quam
1227 2201 1340 2266 corpus
1356 2179 1382 2246 P
1398 2183 1513 2246 circum
1536 2206 1606 2248 cor·

328 2309 388 2372 pus
403 2285 516 2350 mobile
532 2287 554 2350 S
570 2283 723 2348 describit.
768 2283 810 2359 Q.
825 2305 852 2347 e.
868 2281 901 2348 d.

275 2415 277 2418 ·
374 2395 440 2458 Ces.
465 2399 495 2456 2.
520 2389 675 2454 Ponamus
685 2391 752 2475 jam
766 2389 849 2474 quod
865 2410 1028 2452 commune
1041 2389 1199 2476 gravitatis
1215 2401 1363 2470 centrum,
1380 2389 1443 2456 unii
1454 2416 1524 2458 cum
1536 2417 1606 2480 spa·

333 2501 377 2564 tio
392 2503 423 2564 in
438 2522 500 2586 quo
515 2521 646 2583 corpora
659 2509 822 2560 moventur
835 2477 916 2560 inter
930 2519 971 2574 se,
981 2497 1179 2584 progreditur
1190 2498 1383 2564 uniformiter
1393 2502 1425 2564 in
1437 2501 1587 2567 directum
1595 2530 1606 2584 ς

251 2623 253 2630 ’
331 2621 362 2670 et
385 2613 454 2692 (per
468 2605 572 2692 legum
589 2603 795 2669 corollarium
810 2603 944 2682 sextum)
967 2617 1070 2668 motus
1085 2627 1191 2667 omnes
1206 2606 1238 2668 in
1253 2605 1313 2670 hoc
1335 2609 1434 2692 spatio
1454 2631 1607 2699 peragen-

330 2729 379 2778 tur
395 2727 430 2776 ut
443 2714 538 2798 prius,
555 2712 687 2798 ideoque
701 2724 832 2796 corpora
846 2711 1021 2776 describent
1035 2713 1151 2777 circum
1166 2737 1199 2778 se
1214 2729 1322 2782 mutuo
1343 2715 1460 2806 figuras
1482 2719 1606 2784 easdem

328 2843 365 2886 ac
379 2821 475 2906 prius,
492 2833 523 2884 et
537 2833 700 2903 propterea
714 2821 824 2908 figuras
837 2841 860 2900 p
875 2843 896 2906 q
909 2843 930 2883 v
944 2821 1057 2884 similes
1072 2836 1104 2885 et
1117 2823 1261 2909 aequales.
1306 2825 1348 2904 Q.
1363 2850 1391 2891 e.
1406 2827 1438 2893 d.

373 2931 469 2994 Corol.
496 2937 524 2992 l.
548 2928 637 2992 Hinc
651 2950 782 3013 corpora
793 2927 992 3007 du0,t·iribus
1006 2929 1159 2994 distantiae
1182 2953 1246 2996 auae
1266 2935 1549 3020 proportionalibus
1570 2959 1606 3004 se

327 3049 435 3102 mutuo
449 3034 612 3112 trahentia,
627 3035 808 3100 describunt
822 3047 894 3120 (per
906 3037 1002 3122 Prop.
1020 3037 1077 3118 X.)
1093 3051 1125 3102 et
1138 3039 1254 3104 circum
1269 3065 1433 3109 commune
1446 3044 1605 3132 gravium

327 3159 478 3222 centrum,
494 3157 526 3208 et
540 3144 656 3206 circum
671 3167 704 3208 se
717 3157 836 3220 mutuo,
853 3143 976 3229 ellipsos
991 3147 1219 3226 ooncentricas;
1241 3161 1273 3213 et
1287 3150 1352 3216 viee
1368 3151 1465 3232 versi,
1488 3151 1603 3218 diales

327 3253 436 3338 ligure
451 3249 676 3326 describuntur,
693 3262 765 3315 sunt
779 3251 859 3314 viras
880 3249 922 3336 (¹¹)
944 3249 1099 3318 distantior
1113 3255 1368 3340 prop01tionales.

372 3360 468 3424 Corol.
492 3365 522 3422 2.
546 3357 589 3422 Et
602 3379 734 3441 corpora
757 3356 831 3438 duo,
858 3357 974 3422 uiribus
999 3359 1153 3444 quadrato
1180 3361 1333 3428 distantioe
1358 3387 1423 3430 suae
1447 3365 1603 3453 reciproce

327 3461 616 3548 proportionalibus,
633 3461 815 3528 describunt
837 3467 900 3546 (per
922 3461 1017 3546 Prop.
1034 3463 1097 3529 XI.
1114 3463 1604 3548 X11.X111.),etcircumcom-

327 3591 420 3634 mune
434 3568 591 3656 gravitatis
606 3581 758 3646 centrum,
774 3581 804 3633 et
818 3569 934 3634 circum
949 3590 983 3634 se
997 3581 1116 3647 mutuo,
1133 3571 1416 3640 sectionoeconims
1425 3576 1602 3646 umbilicum

327 3673 475 3738 habentes
490 3673 523 3735 in
537 3689 653 3751 centro,
669 3675 786 3738 circum
801 3675 885 3760 quod
900 3675 1010 3762 fignrae
1032 3674 1256 3743 describuntur.
1302 3681 1345 3746 Et
1366 3685 1433 3749 vice
1455 3688 1551 3766 versit,
1574 3691 1600 3755 si

328 3781 404 3846 tales
420 3781 528 3869 figurae
543 3781 769 3860 describuntur,
785 3783 866 3848 vires
881 3781 1060 3866 centripctae
1083 3796 1155 3848 sunt
1178 3785 1328 3872 quadrato
1349 3791 1501 3858 distantiae
1523 3799 1600 3862 reci·

325 3889 419 3978 proce
433 3889 688 3976 proportionales.

307 4037 644 4104 ··p=ct²=pq=1³o,
660 4041 759 4092 estrat
776 4044 814 4109 (⁵)
832 4045 946 4094 νινε
979 4045 1067 4122 §rcum
1086 4064 1171 4112 corpus
1188 4051 1273 4110 mobile
1291 4053 1315 4112 S,
1334 4055 1471 4118 (spectatum
1489 4065 1599 4122 tanquam

489 4144 495 4156 ,
580 4104 624 4150 T²
663 4107 692 4152 ι1
1163 4113 1169 4126 ·
1281 4115 1306 4130 ··
1436 4121 1442 4131 ·
1470 4121 1477 4133 ·
1590 4151 1599 4162 .

328 4119 387 4230 ἓ-Ἰῗι
405 4103 561 4230 ῗὲωου*
579 4163 642 4231 τισι
662 4169 700 4231 γ’
717 4144 820 4210 naq..
832 4147 855 4194 v
867 4163 874 4195 =
887 4161 900 4193 ν
911 4166 946 4194 =
979 4123 1615 4246 ἳιῗῗ“ἓὲ“ιὲ.ξὶξιέ“ιὲιᾝίξρ“ἰιξ“ᾝὲἵέ”ἒ“ιῖ“

329 4247 368 4296 Τ,
382 4254 437 4294 ,2
448 4249 526 4308 4¹⁸1)
538 4265 544 4293 2
558 4246 662 4309 ch,
694 4245 944 4308 mmmmm,
978 4245 1042 4284 trum
1056 4240 1084 4296 C,
1096 4239 1204 4290 describit
1214 4242 1313 4306 liguram
1324 4243 1422 4292 similem
1434 4245 1457 4296 P
1468 4247 1534 4303 Qv.

328 4309 413 4358 viribus
424 4309 550 4384 aequalibus
560 4325 650 4371 semper
660 4319 759 4362 aurocen
771 4309 858 4384 cifcum
869 4323 946 4360 canus
1009 4313 1041 4381 (⁶)
1060 4322 1072 4350 ·
1091 4321 1214 4370 osenna
1227 4326 1408 4384 proportionales.
1453 4326 1515 4374 Cum
1534 4327 1597 4374 enim

327 4382 467 4435 qtnescentra
478 4374 506 4428 C,
518 4388 535 4422 ι.
547 4384 664 4422 armates
679 4374 764 4434 figuras
780 4374 864 4446 urnales
879 4375 901 4422 P
915 4377 946 4432 Q.
979 4381 1019 4440 (er
1032 4381 1117 4441 Deru.)
1134 4399 1217 4444 mrpru
1227 4401 1251 4446 p,
1262 4385 1322 4432 circi
1332 4403 1351 4444 a,
1362 4397 1387 4434 at
1404 4403 1499 4448 corpora
1509 4389 1557 4438 duo
1571 4391 1597 4448 Ρ,

327 4451 376 4498 pq,
387 4433 490 4508 adeoque
499 4445 524 4482 et
538 4435 627 4498 figuras
640 4437 732 4498 quasvis
747 4435 866 4511 similes'l'
879 4440 904 4494 Q
915 4439 945 4496 V,
981 4443 1075 4496 &cirea
1085 4460 1209 4496 commune
1219 4449 1336 4510 gravitatis
1350 4461 1455 4498 centrum
1468 4453 1497 4507 C,
1515 4463 1540 4500 et
1553 4453 1599 4500 cir·

327 4515 344 4561 p
354 4515 368 4562 q
380 4515 403 4558 v,
416 4497 543 4546 dasenbent
552 4501 693 4560 temporibus
701 4509 724 4546 et
732 4499 888 4548 velocitaubus
894 4517 946 4564 qu·
978 4521 1032 4552 cum
1043 4523 1068 4554 ae
1077 4509 1160 4556 minuo
1168 4511 1253 4573 figam
1260 4512 1373 4560 shrilesvi
1382 4515 1506 4575 centripeti
1514 4516 1598 4578 equali

326 4572 395 4610 erum
405 4563 429 4610 in
439 4561 597 4621 maduplicao
607 4564 695 4610 ratione
706 4562 863 4622 dimnnmm
879 4566 943 4612 simi-
973 4567 1109 4627 describant,
1126 4573 1201 4635 sitque
1218 4579 1270 4636 (per
1281 4576 1351 4637 Prop.
1367 4577 1411 4638 X.)
1427 4577 1502 4639 figur·
1518 4587 1591 4642 qu.

326 4625 383 4672 lium
397 4625 487 4700 Canfls
503 4639 526 4684 p.
561 4626 699 4700 Esttautem
716 4630 755 4690 (ex
768 4626 851 4687 Dem.)
868 4627 943 4690 figur·
973 4631 1060 4693 ellipsis
1070 4635 1136 4697 cujus
1147 4639 1289 4696 teneoras,
1308 4639 1382 4703 liquat
1399 4641 1481 4690 verita
1497 4643 1597 4692 aaron*

326 4702 367 4752 pq
379 4709 404 4752 v,
413 4688 493 4736 nmilia
502 4697 527 4736 et
536 4689 631 4752 aqualis
641 4691 723 4754 tigrum
733 4704 802 4753 quam
818 4705 901 4752 corpus
913 4693 941 4750 P,
973 4695 1009 4742 rii.
