3584 5864
223 553 337 618 Lraea
354 549 521 627 Panaca]
567 547 808 614 PRINCIPlA
843 547 1214 620 ΜΑΤΗΕΜΑΤΙΟΑ.
1451 565 1513 628 207

218 737 375 794 secantem
389 723 569 788 demittatur
583 722 852 808 perpendiculum,
876 739 908 790 et
920 727 1179 811 perpendiculum
1201 729 1279 796 illud
1295 730 1358 796 uni
1381 755 1452 796 cum
1466 755 1514 798 se-

217 845 307 900 cante
335 831 512 896 revolvatur
540 830 623 894 circa
647 831 766 916 polum,
789 832 1023 898 intersectiones
1050 835 1173 919 spinalis
1210 838 1387 902 transibunt
1415 840 1449 902 in
1479 863 1512 904 se

215 953 337 1018 mutuo,
363 959 495 1024 qumque
506 937 609 1021 prima
623 949 690 1002 arnt
704 959 760 1002 seu
774 939 929 1022 proxima,
945 954 1019 1024 post
1031 963 1126 1006 unam
1136 943 1361 1010 revolutionem
1377 945 1511 1008 secunda

216 1048 285 1125 erit,
307 1057 381 1130 post
397 1043 475 1128 duas
490 1042 592 1120 tertia,
608 1055 641 1106 et
660 1043 705 1106 aic
720 1042 885 1128 deincepsr
909 1068 968 1110 nec
987 1047 1108 1112 interea
1120 1049 1289 1114 mutabitur
1303 1051 1438 1136 aquatio
1452 1050 1512 1114 nisi

214 1175 274 1240 pro
287 1151 406 1216 mutati
421 1148 636 1237 magnitudine
651 1150 858 1234 quantitatum
884 1173 941 1235 per
963 1175 1039 1238 quas
1065 1154 1182 1237 positio
1208 1156 1337 1220 secantis
1364 1156 1511 1220 determi-

216 1273 316 1326 natur.
364 1247 460 1323 Unde
474 1269 548 1320 'cum
562 1256 749 1342 quantitates
765 1255 828 1320 illae
842 1271 915 1340 post
939 1259 1076 1346 singulas
1091 1261 1298 1327 revolutiones
1324 1263 1456 1328 redeunt
1470 1263 1511 1328 ad

216 1359 447 1453 magnitudines
464 1363 591 1448 primas,
615 1362 751 1447 aequatio
774 1363 890 1427 redibit
913 1365 954 1428 ad
976 1365 1109 1430 formam
1131 1368 1274 1450 primam,
1301 1369 1433 1456 ideoque
1448 1393 1511 1434 una

217 1475 389 1559 eademque
418 1471 579 1536 exhibebit
596 1471 830 1536 intersectiones
865 1495 982 1552 omnes,
1006 1486 1038 1538 et
1046 1487 1212 1559 propterea
1238 1475 1356 1541 radices
1384 1478 1512 1542 habebit

219 1605 349 1646 numero
364 1582 509 1657 infinitas,
533 1579 646 1666 quibua
662 1599 771 1642 omnes
786 1579 927 1644 exhiberi
941 1593 1080 1666 possunt.
1126 1583 1243 1668 Nequit
1267 1605 1343 1671 ergo
1364 1585 1511 1648 intersec-

218 1691 262 1754 tio
278 1702 369 1754 rectoe
384 1699 415 1752 et
429 1685 549 1771 spiralis
564 1685 844 1772 peraequationem
859 1681 979 1750 finitam
993 1687 1180 1774 generaliter
1190 1690 1332 1772 inveniri,
1349 1689 1511 1754 etidcirco

218 1796 303 1860 nulla
326 1806 411 1860 extat
433 1793 529 1858 oralia
545 1794 632 1878 cujus
659 1815 742 1871 area,
765 1794 858 1858 rectis
873 1794 1032 1879 imperatis
1052 1795 1195 1875 abscissa,
1217 1797 1316 1881 possit
1340 1819 1398 1882 per
1417 1798 1511 1862 talem

217 1901 421 1988 aequationem
445 1898 631 1986 generaliter
646 1897 799 1964 exhiberi.

260 2006 298 2094 (¹²)
321 2007 442 2072 Eodem
464 2017 659 2092 argumento,
683 2006 708 2068 si
732 2006 930 2072 intervallum
951 2009 1017 2092 poli
1038 2021 1072 2074 et
1090 2011 1208 2094 puncti,
1232 2033 1295 2097 quo
1314 2011 1437 2097 spiralia
1456 2011 1512 2077 de-

216 2118 371 2193 scribitur,
387 2115 528 2200 capiatur
540 2113 648 2180 Ovalis
662 2113 831 2198 perimetro
845 2115 988 2182 abaciasae
998 2119 1243 2203 proportionale,
1264 2119 1397 2204 probari
1408 2131 1513 2204 potest

217 2224 301 2309 quod
336 2221 501 2310 longitudo
529 2219 689 2304 perimetri
714 2222 823 2307 nequit
862 2244 921 2306 per
948 2223 1070 2287 linitam
1094 2226 1302 2312 aequationem
1325 2227 1512 2313 generaliter

218 2331 369 2395 exhiberi.
401 2329 434 2414 (¹)
458 2329 510 2394 De
536 2327 675 2390 ovalibus
689 2339 794 2392 autem
817 2327 870 2392 hic
885 2328 997 2416 loquor
1011 2353 1082 2418 quae
1095 2352 1161 2397 non
1189 2333 1511 2421 tangrmturafiguria

216 2437 389 2526 conjugatis
401 2436 435 2498 in
450 2435 607 2500 infinitum
617 2435 829 2522 pergentibus.

216 2647 245 2680 ac
251 2630 347 2694 proiadd
353 2639 405 2691 past
411 2629 516 2693 singulae
525 2627 839 2692 redeantadmaguitudinu

215 2695 366 2758 prensare,
378 2693 839 2754 FPiutanactionepimiinaecundam

216 2767 357 2814 boamunte,
375 2757 477 2806 secundi
487 2758 512 2804 in
529 2755 627 2812 tertiarn.
643 2765 668 2806 et
677 2757 710 2805 aic
721 2757 837 2818 deinceps,

215 2824 315 2886 aqnafio
332 2823 393 2871 inter
411 2823 421 2869 1
436 2822 450 2870 1
463 2822 500 2879 Μ,
517 2821 554 2870 vel
567 2823 588 2870 P
599 2823 636 2878 Μ,
653 2831 678 2870 et
696 2821 760 2869 datae
775 2821 797 2870 P
810 2819 838 2879 F,
902 2849 905 2858 ·

217 2888 239 2938 1’
252 2891 274 2944 S,
292 2889 309 2936 S
327 2888 355 2946 F,
372 2887 457 2935 redibit
476 2885 508 2934 ad
528 2885 627 2936 rorum
648 2887 748 2945 primam
768 2900 840 2948 quarn

215 2975 313 3021 trahebat
321 2971 421 3035 aquatio
432 2969 493 3018 inter
506 2969 518 3017 l
532 2975 572 3024 m,
585 2967 621 3014 rel
630 2967 652 3015 P
662 2975 701 3022 m,
714 2975 738 3014 et
746 2965 841 3014 eaedem

216 3043 280 3092 datas
290 3041 430 3104 quantitates
442 3041 463 3088 P
474 3037 500 3095 F,
520 3039 542 3087 P
554 3040 579 3093 S,
592 3038 609 3084 S
629 3036 655 3096 F,
672 3036 777 3100 edatque
792 3045 843 3082 una

215 3107 342 3168 eademque
360 3104 461 3168 aquatio
471 3103 590 3152 exhibebit
599 3101 774 3150 intersectione·
788 3113 841 3146 om·

215 3203 258 3238 aaa
277 3185 359 3243 1.11,
375 3185 418 3232 &c
437 3199 480 3232 seu
503 3184 592 3232 velares
613 3181 780 3240 rmum,
797 3176 844 3228 dc.

215 3260 338 3322 propterel
346 3259 435 3308 nuce·
445 3259 561 3307 exhibebit
572 3271 671 3306 numero
681 3253 784 3304 latinitas
794 3250 848 3316 qui·

215 3327 262 3374 bus
273 3339 357 3374 omnes
367 3324 470 3372 exhiberi
481 3331 585 3385 penum

249 3389 286 3452 (ἱ)
305 3391 318 3419 “
338 3387 377 3436 Et
398 3389 461 3435 enim
481 3387 570 3436 ratione
592 3383 683 3446 spinalis
693 3427 695 3434 ,
704 3381 846 3432 describetur

215 3453 281 3515 gyris
291 3451 389 3500 infinitis
399 3451 429 3499 ed
439 3467 511 3514 quam
521 3445 619 3514 proindd
630 3447 730 3512 equatio
741 3446 785 3493 erit
800 3461 846 3492 ιιιι·

215 3531 282 3566 mero
299 3515 472 3564 dimmdouurn
488 3515 588 3572 induite,
604 3527 658 3576 qun
671 3510 767 3574 quidem
778 3507 847 3556 finita

214 3579 309 3629 deberat
318 3597 375 3634 ene,
395 3581 414 3628 ti
436 3577 561 3642 longitudo
583 3575 700 3639 perimetri
719 3573 792 3622 oralia
802 3587 845 3634 pro
853 3565 889 3636 A

214 3641 291 3692 lubitu
301 3645 451 3693 ώισὶωιωιι
472 3642 622 3690 intervallum
640 3639 721 3700 puncti
737 3635 847 3698 apirrlem

214 3706 363 3756 dacnbentia
373 3717 397 3755 et
407 3706 463 3768 poli,
479 3721 521 3768 per
528 3705 619 3754 linitam
635 3702 791 3767 aequationem
802 3716 845 3764 ge·

215 3772 322 3820 mutter
332 3770 436 3820 “hiberi
446 3779 530 3830 pona

247 3836 277 3900 (¹)
296 3839 309 3867 ³
329 3833 572 3884 ovumnucn
589 3841 671 3896 ungat
689 3830 715 3878 in
734 3830 754 3878 C
774 3843 845 3878 curra

214 3899 338 3962 eonjugm
347 3901 364 3948 b
377 3899 397 3947 C
408 3898 431 3956 d,
449 3898 517 3962 cujus
524 3896 582 3944 rami
595 3897 647 3954 Cb,
658 3895 686 3972 'C
697 3894 713 3942 d
729 3891 755 3940 in
766 3892 845 3940 intini-

214 4099 330 4152 punctum
338 4089 420 4138 datum
431 4090 457 4136 in
468 4088 529 4136 omli
539 4085 652 4149 perpetui
662 4083 748 4134 revolvi
759 4085 848 4131 lineam

214 4163 301 4202 rectam
316 4153 429 4202 uniformi
440 4167 496 4200 cum
506 4163 573 4200 motu
588 4167 642 4214 qun
652 4150 683 4198 sit
699 4149 730 4198 ad
742 4147 848 4209 periphe-

213 4217 274 4266 riam
284 4217 356 4266 oralia
366 4217 497 4274 terminata,
509 4215 660 4264 emundat
671 4212 849 4271 mihipra-

213 4281 368 4344 perdenda
385 4282 405 4328 si
426 4291 504 4330 autem
521 4279 595 4328 oralia
615 4287 753 4354 tangemus
773 4273 850 4338 flgurri

213 4345 367 4408 conjugata
380 4343 434 4402 cd,
450 4346 519 4408 eujus
537 4343 596 4390 mml
614 4342 640 4390 in
660 4341 784 4388 infinitum
799 4352 852 4399 per-

213 4419 281 4472 gunt,
300 4408 395 4458 aridem
405 4417 440 4456 eat
449 4407 512 4456 linei
522 4407 585 4455 recti
596 4405 658 4454 iutrd
667 4404 759 4453 orclem
769 4401 844 4450 revol-

213 4481 282 4520 vente
303 4487 352 4519 non
373 4473 476 4533 pereuni
496 4481 571 4520 mam
589 4485 656 4519 aot·
671 4470 743 4532 hujus
760 4465 844 4542 dquroe

213 4549 298 4610 ιιςιω,
314 4551 359 4584 nec
369 4532 704 4610 gynpparpetuiaacinfinitia
713 4529 843 4593 mnpbcm
