3554 5832
357 406 419 464 356
659 391 996 502 Pfllnosopfflm
1018 391 1289 459 NATURALIS
1361 393 1470 475 [Mor.
1487 395 1641 470 Coaroa.

357 567 516 654 duplicati
530 569 757 646 distantiarum,
772 569 799 632 si
812 568 934 632 minora
947 567 1030 631 circa
1043 567 1214 632 maximum
1228 567 1261 630 in
1276 565 1444 652 ellipsibus,
1459 569 1642 638 umbilicum

356 701 554 746 communem
567 678 600 742 in
614 679 744 742 maxirni
757 678 840 742 illius
855 686 963 740 centro
975 675 1172 754 habentibus,
1196 675 1244 759 (Μ)
1260 697 1354 761 quam
1373 676 1441 741 fieri
1462 691 1566 763 potest
1587 703 1640 745 ac-

356 785 556 852 curatissimis
572 784 786 860 rcvolvantur3
810 796 842 848 et
863 781 957 846 radiis
982 782 1023 846 ad
1044 781 1215 844 maximum
1237 779 1316 846 illud
1338 780 1439 846 ductis
1464 782 1641 852 describant

356 915 444 958 areas
459 891 650 975 temporibus
664 913 758 976 quarn
773 887 908 952 maxime
922 885 1186 972 proportionales:
1210 901 1302 950 erunt
1326 908 1492 972 corporum
1513 889 1639 956 illorum

356 1001 435 1064 vires
449 997 600 1070 absolutae
614 997 655 1062 ad
669 997 811 1074 invicem,
826 1009 883 1060 aut
895 993 1037 1058 accurate
1053 1006 1106 1058 aut
1121 991 1365 1079 quamproxime,
1388 993 1422 1056 in
1435 995 1554 1061 ratione
1568 1019 1639 1062 cor·

355 1127 488 1190 porum3
510 1116 543 1170 et
568 1107 608 1189 (¹¹)
633 1117 750 1170 canna
797 1103 888 1170 Patet
901 1123 959 1188 per
974 1101 1080 1168 Corol.
1098 1101 1193 1187 Prop.
1209 1101 1372 1168 LXVIII.
1395 1101 1541 1170 murum
1565 1125 1638 1171 curn

355 1213 446 1300 hujus
462 1212 568 1278 Corol.
587 1219 614 1277 1.
1009 1231 1012 1240 ’

920 1491 1072 1556 scholium.

401 1661 463 1726 His
477 1660 739 1746 propositionibus
753 1660 991 1725 manuducimur
1006 1662 1046 1726 nd
1060 1661 1235 1749 analogiam
1249 1662 1330 1726 inter
1344 1662 1425 1726 vires
1440 1662 1638 1746 centripetas,

356 1781 387 1832 et
402 1789 535 1854 corpora
548 1767 706 1846 centralia,
729 1767 770 1832 ad
783 1789 855 1853 quoe
868 1769 948 1832 vires
962 1767 1024 1832 illae
1038 1769 1131 1856 dirigi
1151 1769 1260 1834 solent
1298 1769 1435 1834 Rufioni
1458 1771 1541 1835 enim
1563 1793 1640 1835 eon-

356 1887 539 1939 sentnneum
554 1886 611 1954 est,
626 1887 663 1939 ut
677 1875 766 1952 vires,
783 1895 854 1960 qua·
868 1875 908 1939 ad
924 1897 1055 1960 corpora
1073 1875 1260 1963 dirigrmtur,
1283 1876 1441 1960 pendeant
1463 1877 1503 1940 ab
1525 1899 1639 1940 eorun-

356 1983 428 2047 dem
443 1982 554 2046 naturi
569 1995 601 2046 et
614 1982 793 2068 quantitate,
810 1995 845 2045 nt
859 1982 896 2046 fit
909 1983 942 2045 in
956 1983 1146 2070 magneticis.
1191 1983 1235 2047 Et
1248 1984 1368 2070 quoties
1390 1983 1563 2070 hujumodi
1583 2006 1636 2048 ca·

355 2115 408 2158 sus
423 2091 573 2170 incidunt,
589 2091 780 2156 aestimandae
795 2103 888 2156 erunt
902 2113 1067 2177 corporum
1089 2093 1296 2170 attractiones,
1324 2094 1509 2180 assignando
1530 2095 1638 2181 singu-

356 2200 395 2264 lis
411 2221 520 2265 eornm
534 2198 692 2284 particulis
706 2201 787 2264 vires
800 2199 953 2284 proprias,
969 2210 1002 2262 et
1014 2197 1190 2286 colligendo
1204 2221 1339 2263 summas
1354 2201 1475 2264 virium.
1519 2200 1639 2265 Vocem

354 2309 546 2374 attractionis
560 2307 612 2373 hic
625 2307 812 2396 generaliter
827 2329 943 2391 usurpo
957 2328 1016 2392 pro
1030 2329 1195 2392 corporum
1211 2317 1323 2372 conatu
1346 2331 1530 2395 quocunque
1552 2331 1640 2374 acce-

357 2415 454 2481 dendi
467 2416 508 2480 ad
523 2416 674 2479 invicem:
697 2413 761 2479 sive
776 2425 904 2477 conatus
918 2413 977 2476 iste
991 2412 1046 2476 fiat
1060 2413 1100 2476 ab
1114 2413 1236 2477 actione
1249 2433 1416 2498 corporum
1425 2413 1476 2478 vel
1487 2436 1521 2478 se
1530 2427 1640 2479 mutuo

357 2523 541 2610 petentium,
557 2523 606 2588 vel
620 2544 676 2606 per
690 2521 815 2608 spiritur
829 2521 957 2585 omissos
972 2521 1150 2586 seinvicem
1165 2522 1349 2609 agitantium
1357 2546 1366 2600 3
1389 2523 1453 2587 sive
1475 2524 1502 2587 is
1526 2523 1566 2588 ab
1589 2547 1641 2589 ae-

354 2632 441 2696 tione
454 2631 590 2709 aetheris,
606 2641 661 2694 aut
674 2627 763 2706 aena
778 2627 912 2692 mediive
926 2628 1136 2714 cujuscunque
1151 2651 1204 2692 seu
1225 2629 1367 2713 corporei
1389 2651 1444 2693 seu
1464 2630 1640 2714 incorporei

356 2738 475 2802 oriatur
489 2757 626 2822 corpora
638 2733 810 2800 innatantia
824 2735 858 2798 in
880 2755 914 2798 se
938 2733 1071 2800 invicem
1095 2747 1253 2819 utcunque
1277 2734 1471 2820 impellentis.
1515 2735 1640 2801 Eodem

355 2865 449 2908 sensu
463 2843 603 2931 generali
625 2863 743 2926 usurpo
766 2861 875 2906 vocem
897 2842 1044 2922 impona,
1061 2862 1125 2903 non
1151 2841 1269 2925 species
1292 2842 1404 2904 virium
1427 2853 1457 2906 et
1478 2841 1641 2928 qualitates

354 2951 510 3036 physicas,
528 2948 583 3012 sed
597 2949 783 3033 quantitates
798 2959 829 3010 et
843 2946 1060 3030 proportiones
1074 2945 1306 3011 mathematicas
1320 2948 1354 3011 in
1367 2947 1428 3012 hoc
1441 2959 1571 3012 tractatu
1582 2971 1640 3013 ex-

353 3055 494 3140 pendens
509 3066 545 3118 ut
558 3053 591 3116 in
607 3053 839 3116 definitionibus
854 3052 998 3136 explicui.
1044 3053 1083 3118 ln
1097 3054 1230 3120 mathesi
1244 3055 1464 3144 investigandae
1479 3067 1550 3121 sunt
1563 3059 1639 3120 riri-

354 3183 408 3226 um
423 3160 608 3247 quantitates
623 3171 655 3222 et
669 3159 803 3223 rationes
818 3157 890 3236 illoe,
907 3181 978 3245 quae
993 3181 1033 3224 ex
1047 3159 1276 3228 conditionibus
1288 3163 1521 3250 quibuscunque
1532 3163 1638 3248 positis

354 3282 584 3357 consequentur
595 3293 604 3332 ι
628 3267 751 3345 deinde,
768 3265 822 3332 ubi
837 3268 868 3330 in
883 3265 1044 3354 physicam
1058 3269 1256 3335 descenditur
1279 3271 1474 3338 conserendae
1497 3287 1568 3336 sunt
1588 3271 1640 3335 ho

354 3381 491 3444 rationes
506 3399 577 3442 cum
592 3376 806 3462 phaenomenis
814 3399 824 3453 ;
846 3388 881 3439 ut
895 3371 1068 3441 innotescat
1082 3399 1225 3463 quaenam
1239 3379 1350 3443 virium
1365 3379 1556 3444 conditiones
1577 3381 1640 3443 sin-

352 3485 436 3572 gulis
453 3505 620 3568 corporum
635 3483 868 3548 attractivorum
882 3483 1048 3571 generibus
1063 3497 1249 3568 competant
1296 3483 1339 3549 Et
1362 3497 1428 3549 tum
1451 3485 1577 3548 demum
1599 3487 1641 3550 de

353 3592 470 3654 virium
485 3591 658 3674 speciebus,
685 3591 784 3656 causis
810 3604 842 3653 et
866 3589 1038 3654 rationibus
1063 3588 1199 3676 physicis
1222 3592 1317 3655 tutius
1342 3592 1500 3678 disputare
1525 3594 1639 3657 licebit.

357 3696 529 3761 Videamus
543 3696 639 3782 igitur
654 3697 766 3782 quibus
781 3695 897 3760 viribus
912 3716 1043 3780 corpora
1057 3694 1217 3780 sphaerica,
1234 3719 1273 3761 ex
1288 3699 1446 3786 partimlis
1460 3700 1555 3762 modo
1570 3703 1639 3784 jam

355 3805 498 3894 exposito
512 3804 680 3870 attractivis
695 3805 877 3884 constantin,
893 3805 1027 3869 debeant
1041 3804 1073 3868 in
1088 3827 1121 3870 se
1135 3804 1246 3869 mutud
1259 3830 1371 3894 agere;
1394 3822 1425 3873 et
1445 3809 1550 3894 quales
1571 3831 1638 3873 mo·

354 3931 405 3982 tus
419 3915 492 3980 inde
507 3924 745 3999 consequuntur.

388 4103 429 4171 (²)
448 4108 461 4137 ⁰
482 4107 558 4158 Quam
565 4105 623 4168 ficri
634 4111 706 4165 potest
722 4105 896 4151 ocmrntbsimit
911 4103 980 4152 reuol-
1012 4103 1140 4157 volvantur,
1161 4111 1185 4150 et
1202 4101 1272 4149 radiis
1290 4100 1320 4150 ad
1337 4100 1464 4149 maximum
1483 4101 1542 4149 illud
1558 4102 1635 4150 ductis

356 4179 449 4226 uantur,
465 4177 493 4216 ut
506 4167 532 4214 in
543 4165 735 4220 duobuaeasibus
746 4165 815 4227 Prop-
830 4171 868 4215 65.
889 4165 980 4228 exposi-
1010 4167 1140 4216 describant
1150 4180 1214 4213 amns
1224 4165 1364 4226 temporibus
1379 4180 1450 4227 quam
1465 4163 1566 4213 maxime
1581 4181 1636 4226 pro-

356 4243 408 4281 tum
419 4242 461 4280 est.
660 4285 662 4292 χ
1013 4229 1158 4292 portionrlos,
1171 4243 1293 4290 corporum
1303 4229 1397 4275 illorum
1413 4229 1507 4275 monim
1523 4239 1637 4290 ιρκιιιο-

390 4297 426 4406 (¹3
444 4298 459 4326 ⁹
476 4293 608 4344 Etcorttrd.
645 4293 670 4341 sl
681 4291 871 4353 rbescorporum
887 4291 981 4340 illorum
1013 4309 1067 4361 rum
1087 4294 1147 4341 vires
1166 4293 1334 4341 accelerati-ioca
1351 4291 1483 4340 decrescent
1502 4293 1528 4339 iu
1546 4295 1637 4341 ratione

358 4363 413 4408 abso
424 4368 470 4406 utu
481 4359 528 4405 sint
537 4358 567 4405 ad
578 4358 677 4404 invicem
688 4357 713 4404 ln
723 4357 811 4406 ratione
821 4371 949 4418 conponam.
959 4366 983 4405 et
1013 4357 1131 4418 duplicatl
1147 4357 1307 4412 dicandorum
1325 4364 1366 4402 aut
1384 4353 1490 4404 arconti
1508 4365 1550 4404 ant
1564 4373 1637 4419 quam

359 4424 448 4476 minora
468 4435 564 4482 corpora
585 4419 645 4468 circa
665 4423 794 4469 muxirnum
816 4419 841 4466 in
862 4421 981 4481 ellipsibus
1011 4419 1116 4482 proxime
1122 4439 1130 4479 ;
1147 4429 1173 4468 nt
1184 4421 1256 4483 liquet
1266 4435 1294 4466 ex
1307 4419 1384 4468 Corol.
1398 4419 1434 4466 20.
1450 4419 1520 4482 Prcp·
1534 4424 1573 4472 58.
1586 4421 1639 4469 col·

359 4487 496 4536 unrbilicum
513 4499 661 4532 communem
673 4485 698 4530 in
713 4485 808 4532 maximi
824 4483 887 4531 iltius
902 4493 982 4531 centro
1012 4485 1060 4534 lato
1070 4499 1124 4533 cunr
1137 4484 1208 4546 Ptop.
1222 4491 1259 4532 dt.
1274 4487 1312 4532 65.

360 4549 504 4606 tutantibus,
517 4560 587 4611 quam
599 4547 649 4596 lieri
660 4558 742 4610 potest,
757 4547 932 4596 sccuntissimis
946 4563 982 4596 rc·
