<?xml version="1.0" encoding="UTF-8"?>
<!DOCTYPE html PUBLIC "-//W3C//DTD XHTML 1.0 Transitional//EN"
    "http://www.w3.org/TR/xhtml1/DTD/xhtml1-transitional.dtd">
<html xmlns="http://www.w3.org/1999/xhtml" xml:lang="en" lang="en">
 <head>
  <title>
</title>
<meta http-equiv="Content-Type" content="text/html;charset=utf-8" />
  <meta name='ocr-system' content='tesseract 3.04.00' />
  <meta name='ocr-capabilities' content='ocr_page ocr_carea ocr_par ocr_line ocrx_word'/>
</head>
<body>
  <div class='ocr_page' id='page_1' title='image "./philosophinatur00wriggoog_0348.png"; bbox 0 0 3572 5854; ppageno 0'>
   <div class='ocr_carea' id='block_1_1' title="bbox 186 507 1460 592">
    <p class='ocr_par' dir='ltr' id='par_1_1' title="bbox 186 507 1460 592">
     <span class='ocr_line' id='line_1_1' title="bbox 186 507 1460 592; baseline 0.006 -16"><span class='ocrx_word' id='word_1_1' title='bbox 186 513 298 576; x_wconf 79' lang='lat' dir='ltr'>Lmen</span> <span class='ocrx_word' id='word_1_2' title='bbox 315 507 480 592; x_wconf 75' lang='lat' dir='ltr'>Pennus]</span> <span class='ocrx_word' id='word_1_3' title='bbox 538 508 787 580; x_wconf 79' lang='lat' dir='ltr'>PRINCIPIA</span> <span class='ocrx_word' id='word_1_4' title='bbox 810 511 1176 580; x_wconf 73' lang='lat' dir='ltr'>MnTttfflfflcn</span> <span class='ocrx_word' id='word_1_5' title='bbox 1395 523 1460 584; x_wconf 68' lang='lat'>81³</span> 
     </span>
    </p>
   </div>
   <div class='ocr_carea' id='block_1_2' title="bbox 184 685 1469 883">
    <p class='ocr_par' dir='ltr' id='par_1_2' title="bbox 184 685 1469 883">
     <span class='ocr_line' id='line_1_2' title="bbox 186 685 1469 775; baseline 0.003 -23"><span class='ocrx_word' id='word_1_6' title='bbox 186 687 231 752; x_wconf 89' lang='lat' dir='ltr'>les</span> <span class='ocrx_word' id='word_1_7' title='bbox 245 685 447 772; x_wconf 78' lang='lat' dir='ltr'>etparalleloe</span> <span class='ocrx_word' id='word_1_8' title='bbox 461 687 615 754; x_wconf 74' lang='lat' dir='ltr'>ducenum</span> <span class='ocrx_word' id='word_1_9' title='bbox 628 709 826 775; x_wconf 86' lang='lat' dir='ltr'>sempersp,</span> <span class='ocrx_word' id='word_1_10' title='bbox 843 709 913 774; x_wconf 77' lang='lat' dir='ltr'>sq3</span> <span class='ocrx_word' id='word_1_11' title='bbox 935 700 1188 774; x_wconf 79' lang='lat' dir='ltr'>atmrrapqr,</span> <span class='ocrx_word' id='word_1_12' title='bbox 1200 693 1295 774; x_wconf 81' lang='lat' dir='ltr'>qn&#39;arn</span> <span class='ocrx_word' id='word_1_13' title='bbox 1309 700 1469 772; x_wconf 79' lang='lat' dir='ltr'>punctura·</span> 
     </span>
     <span class='ocr_line' id='line_1_3' title="bbox 184 793 1461 883; baseline 0.005 -25"><span class='ocrx_word' id='word_1_14' title='bbox 184 793 409 878; x_wconf 78' lang='lat' dir='ltr'>provolvendo</span> <span class='ocrx_word' id='word_1_15' title='bbox 433 795 549 859; x_wconf 82' lang='lat' dir='ltr'>circum</span> <span class='ocrx_word' id='word_1_16' title='bbox 573 811 725 881; x_wconf 81' lang='lat' dir='ltr'>punctum</span> <span class='ocrx_word' id='word_1_17' title='bbox 749 799 912 862; x_wconf 81' lang='lat' dir='ltr'>immotmn</span> <span class='ocrx_word' id='word_1_18' title='bbox 937 821 953 862; x_wconf 88' lang='lat' dir='ltr'>s</span> <span class='ocrx_word' id='word_1_19' title='bbox 975 796 1131 874; x_wconf 70' lang='lat' dir='ltr'><strong>describit,</strong></span> <span class='ocrx_word' id='word_1_20' title='bbox 1154 795 1194 883; x_wconf 67' lang='grc' dir='ltr'>θ)</span> <span class='ocrx_word' id='word_1_21' title='bbox 1215 796 1275 862; x_wconf 86' lang='lat' dir='ltr'>crit</span> <span class='ocrx_word' id='word_1_22' title='bbox 1299 795 1406 862; x_wconf 79' lang='lat' dir='ltr'>similia</span> <span class='ocrx_word' id='word_1_23' title='bbox 1427 809 1461 864; x_wconf 81' lang='lat' dir='ltr'>et</span> 
     </span>
    </p>
   </div>
   <div class='ocr_carea' id='block_1_3' title="bbox 182 1817 1555 4368">
    <p class='ocr_par' dir='ltr' id='par_1_3' title="bbox 184 1817 1464 2224">
     <span class='ocr_line' id='line_1_4' title="bbox 185 1817 1462 1910; baseline 0.002 -24"><span class='ocrx_word' id='word_1_24' title='bbox 185 1822 312 1910; x_wconf 80' lang='lat' dir='ltr'>aequalis</span> <span class='ocrx_word' id='word_1_25' title='bbox 327 1821 438 1900; x_wconf 86' lang='lat' dir='ltr'>curvis,</span> <span class='ocrx_word' id='word_1_26' title='bbox 454 1842 531 1906; x_wconf 84' lang='lat' dir='ltr'>quas</span> <span class='ocrx_word' id='word_1_27' title='bbox 545 1839 678 1904; x_wconf 89' lang='lat' dir='ltr'>corpora</span> <span class='ocrx_word' id='word_1_28' title='bbox 693 1819 727 1896; x_wconf 89' lang='lat' dir='ltr'>S,</span> <span class='ocrx_word' id='word_1_29' title='bbox 751 1817 780 1884; x_wconf 99' lang='lat' dir='ltr'>P</span> <span class='ocrx_word' id='word_1_30' title='bbox 793 1817 974 1884; x_wconf 84' lang='lat' dir='ltr'>describunt</span> <span class='ocrx_word' id='word_1_31' title='bbox 986 1818 1103 1886; x_wconf 86' lang='lat' dir='ltr'>circum</span> <span class='ocrx_word' id='word_1_32' title='bbox 1117 1841 1151 1886; x_wconf 86' lang='lat' dir='ltr'>re</span> <span class='ocrx_word' id='word_1_33' title='bbox 1164 1818 1293 1888; x_wconf 76' lang='lat' dir='ltr'>mutuo:</span> <span class='ocrx_word' id='word_1_34' title='bbox 1316 1820 1462 1906; x_wconf 86' lang='lat' dir='ltr'>proinde·</span> 
     </span>
     <span class='ocr_line' id='line_1_5' title="bbox 188 1924 1464 2015; baseline 0.001 -23"><span class='ocrx_word' id='word_1_35' title='bbox 188 1953 248 2015; x_wconf 91' lang='lat' dir='ltr'>que</span> <span class='ocrx_word' id='word_1_36' title='bbox 271 1933 340 2014; x_wconf 90' lang='lat' dir='ltr'>(per</span> <span class='ocrx_word' id='word_1_37' title='bbox 356 1925 473 1992; x_wconf 90' lang='lat' dir='ltr'>Theor.</span> <span class='ocrx_word' id='word_1_38' title='bbox 490 1925 585 2008; x_wconf 88' lang='lat' dir='ltr'><strong>XX.)</strong></span> <span class='ocrx_word' id='word_1_39' title='bbox 609 1924 716 1990; x_wconf 88' lang='lat' dir='ltr'>similis</span> <span class='ocrx_word' id='word_1_40' title='bbox 730 1925 832 1990; x_wconf 78' lang='lat' dir='ltr'>cruris</span> <span class='ocrx_word' id='word_1_41' title='bbox 847 1925 870 1990; x_wconf 90' lang='lat' dir='ltr'>S</span> <span class='ocrx_word' id='word_1_42' title='bbox 885 1925 917 1990; x_wconf 91' lang='lat' dir='ltr'>T</span> <span class='ocrx_word' id='word_1_43' title='bbox 930 1937 963 1990; x_wconf 90' lang='lat' dir='ltr'>et</span> <span class='ocrx_word' id='word_1_44' title='bbox 978 1924 1007 1991; x_wconf 94' lang='lat' dir='ltr'>P</span> <span class='ocrx_word' id='word_1_45' title='bbox 1022 1925 1055 2002; x_wconf 87' lang='lat' dir='ltr'>Q</span> <span class='ocrx_word' id='word_1_46' title='bbox 1069 1925 1110 2004; x_wconf 92' lang='lat' dir='ltr'>V,</span> <span class='ocrx_word' id='word_1_47' title='bbox 1125 1947 1201 2012; x_wconf 83' lang='lat' dir='ltr'>ques</span> <span class='ocrx_word' id='word_1_48' title='bbox 1213 1926 1321 1992; x_wconf 85' lang='lat' dir='ltr'>eadem</span> <span class='ocrx_word' id='word_1_49' title='bbox 1332 1949 1464 2014; x_wconf 85' lang='lat' dir='ltr'>corpora</span> 
     </span>
     <span class='ocr_line' id='line_1_6' title="bbox 184 2029 1463 2120; baseline 0.001 -22"><span class='ocrx_word' id='word_1_50' title='bbox 184 2034 364 2099; x_wconf 87' lang='lat' dir='ltr'>describunt</span> <span class='ocrx_word' id='word_1_51' title='bbox 377 2033 493 2098; x_wconf 89' lang='lat' dir='ltr'>circum</span> <span class='ocrx_word' id='word_1_52' title='bbox 510 2043 674 2097; x_wconf 84' lang='lat' dir='ltr'>commune</span> <span class='ocrx_word' id='word_1_53' title='bbox 689 2029 848 2120; x_wconf 79' lang='lat' dir='ltr'>gravitstia</span> <span class='ocrx_word' id='word_1_54' title='bbox 862 2043 1002 2096; x_wconf 84' lang='lat' dir='ltr'><strong>centrum</strong></span> <span class='ocrx_word' id='word_1_55' title='bbox 1019 2031 1067 2096; x_wconf 84' lang='lat' dir='ltr'>C:</span> <span class='ocrx_word' id='word_1_56' title='bbox 1088 2031 1182 2119; x_wconf 93' lang='lat' dir='ltr'>idque</span> <span class='ocrx_word' id='word_1_57' title='bbox 1196 2033 1269 2118; x_wconf 90' lang='lat' dir='ltr'>quia</span> <span class='ocrx_word' id='word_1_58' title='bbox 1288 2035 1463 2118; x_wconf 90' lang='lat' dir='ltr'>proportio·</span> 
     </span>
     <span class='ocr_line' id='line_1_7' title="bbox 186 2137 1196 2224; baseline -0.005 -17"><span class='ocrx_word' id='word_1_59' title='bbox 186 2165 241 2208; x_wconf 90' lang='lat' dir='ltr'>nes</span> <span class='ocrx_word' id='word_1_60' title='bbox 256 2144 408 2208; x_wconf 82' lang='lat' dir='ltr'>linearum</span> <span class='ocrx_word' id='word_1_61' title='bbox 425 2142 448 2207; x_wconf 92' lang='lat' dir='ltr'>S</span> <span class='ocrx_word' id='word_1_62' title='bbox 464 2141 502 2220; x_wconf 86' lang='lat' dir='ltr'>C,</span> <span class='ocrx_word' id='word_1_63' title='bbox 520 2141 547 2205; x_wconf 85' lang='lat' dir='ltr'>C</span> <span class='ocrx_word' id='word_1_64' title='bbox 563 2140 601 2220; x_wconf 90' lang='lat' dir='ltr'>P,</span> <span class='ocrx_word' id='word_1_65' title='bbox 617 2152 649 2204; x_wconf 84' lang='lat' dir='ltr'>et</span> <span class='ocrx_word' id='word_1_66' title='bbox 664 2139 687 2206; x_wconf 87' lang='lat' dir='ltr'>S</span> <span class='ocrx_word' id='word_1_67' title='bbox 703 2139 731 2204; x_wconf 93' lang='lat' dir='ltr'><strong>P</strong></span> <span class='ocrx_word' id='word_1_68' title='bbox 745 2141 794 2203; x_wconf 83' lang='lat' dir='ltr'>vei</span> <span class='ocrx_word' id='word_1_69' title='bbox 808 2159 823 2204; x_wconf 87' lang='lat' dir='ltr'>s</span> <span class='ocrx_word' id='word_1_70' title='bbox 837 2159 859 2224; x_wconf 90' lang='lat' dir='ltr'>p</span> <span class='ocrx_word' id='word_1_71' title='bbox 874 2137 914 2202; x_wconf 89' lang='lat' dir='ltr'>ad</span> <span class='ocrx_word' id='word_1_72' title='bbox 929 2137 1060 2204; x_wconf 87' lang='lat' dir='ltr'>invicem</span> <span class='ocrx_word' id='word_1_73' title='bbox 1074 2137 1196 2203; x_wconf 81' lang='lat' dir='ltr'>dannn.</span> 
     </span>
    </p>

    <p class='ocr_par' dir='ltr' id='par_1_4' title="bbox 182 2247 1555 4368">
     <span class='ocr_line' id='line_1_8' title="bbox 231 2247 1464 2336; baseline -0.003 -18"><span class='ocrx_word' id='word_1_74' title='bbox 231 2253 299 2320; x_wconf 78' lang='lat' dir='ltr'>cas.</span> <span class='ocrx_word' id='word_1_75' title='bbox 325 2261 354 2316; x_wconf 92' lang='lat'>1.</span> <span class='ocrx_word' id='word_1_76' title='bbox 379 2251 554 2333; x_wconf 79' lang='lat' dir='ltr'>Commune</span> <span class='ocrx_word' id='word_1_77' title='bbox 568 2249 646 2313; x_wconf 89' lang='lat' dir='ltr'>illud</span> <span class='ocrx_word' id='word_1_78' title='bbox 660 2247 818 2336; x_wconf 85' lang='lat' dir='ltr'>gravitatis</span> <span class='ocrx_word' id='word_1_79' title='bbox 833 2259 972 2312; x_wconf 79' lang='lat' dir='ltr'>centrum</span> <span class='ocrx_word' id='word_1_80' title='bbox 995 2247 1033 2325; x_wconf 88' lang='lat' dir='ltr'>C,</span> <span class='ocrx_word' id='word_1_81' title='bbox 1059 2249 1243 2336; x_wconf 78' lang='lat' dir='ltr'>perlegam</span> <span class='ocrx_word' id='word_1_82' title='bbox 1268 2249 1464 2314; x_wconf 82' lang='lat' dir='ltr'>corollarium</span> 
     </span>
     <span class='ocr_line' id='line_1_9' title="bbox 184 2351 1464 2448; baseline -0.002 -27"><span class='ocrx_word' id='word_1_83' title='bbox 184 2373 338 2448; x_wconf 89' lang='lat' dir='ltr'>quartum,</span> <span class='ocrx_word' id='word_1_84' title='bbox 353 2357 403 2421; x_wconf 88' lang='lat' dir='ltr'>vel</span> <span class='ocrx_word' id='word_1_85' title='bbox 421 2357 559 2444; x_wconf 80' lang='lat' dir='ltr'>quiescit,</span> <span class='ocrx_word' id='word_1_86' title='bbox 587 2355 637 2418; x_wconf 85' lang='lat' dir='ltr'>vel</span> <span class='ocrx_word' id='word_1_87' title='bbox 661 2367 804 2418; x_wconf 87' lang='lat' dir='ltr'>movetur</span> <span class='ocrx_word' id='word_1_88' title='bbox 826 2351 1019 2417; x_wconf 83' lang='lat' dir='ltr'><strong>uniformiter</strong></span> <span class='ocrx_word' id='word_1_89' title='bbox 1043 2353 1076 2418; x_wconf 92' lang='lat' dir='ltr'>in</span> <span class='ocrx_word' id='word_1_90' title='bbox 1101 2353 1262 2420; x_wconf 87' lang='lat' dir='ltr'>directum.</span> <span class='ocrx_word' id='word_1_91' title='bbox 1308 2355 1464 2419; x_wconf 87' lang='lat' dir='ltr'>Ponamus</span> 
     </span>
     <span class='ocr_line' id='line_1_10' title="bbox 182 2460 1463 2552; baseline -0.002 -24"><span class='ocrx_word' id='word_1_92' title='bbox 182 2465 295 2550; x_wconf 88' lang='lat' dir='ltr'>primo,</span> <span class='ocrx_word' id='word_1_93' title='bbox 312 2461 444 2552; x_wconf 89' lang='lat' dir='ltr'>quodid</span> <span class='ocrx_word' id='word_1_94' title='bbox 460 2463 599 2550; x_wconf 81' lang='lat' dir='ltr'>quiescit,</span> <span class='ocrx_word' id='word_1_95' title='bbox 617 2463 712 2550; x_wconf 89' lang='lat' dir='ltr'>inque</span> <span class='ocrx_word' id='word_1_96' title='bbox 727 2486 742 2527; x_wconf 94' lang='lat' dir='ltr'>s</span> <span class='ocrx_word' id='word_1_97' title='bbox 757 2475 823 2548; x_wconf 90' lang='lat' dir='ltr'>etp</span> <span class='ocrx_word' id='word_1_98' title='bbox 838 2460 979 2526; x_wconf 89' lang='lat' dir='ltr'>locentur</span> <span class='ocrx_word' id='word_1_99' title='bbox 992 2481 1124 2548; x_wconf 79' lang='lat' dir='ltr'>corpore</span> <span class='ocrx_word' id='word_1_100' title='bbox 1138 2462 1211 2540; x_wconf 90' lang='lat' dir='ltr'>duo,</span> <span class='ocrx_word' id='word_1_101' title='bbox 1226 2463 1383 2528; x_wconf 86' lang='lat' dir='ltr'>immobile</span> <span class='ocrx_word' id='word_1_102' title='bbox 1394 2465 1463 2542; x_wconf 85' lang='lat' dir='ltr'>ins,</span> 
     </span>
     <span class='ocr_line' id='line_1_11' title="bbox 182 2551 1555 2656; baseline -0.001 -22"><span class='ocrx_word' id='word_1_103' title='bbox 182 2569 297 2634; x_wconf 89' lang='lat' dir='ltr'>mobile</span> <span class='ocrx_word' id='word_1_104' title='bbox 311 2569 345 2633; x_wconf 92' lang='lat' dir='ltr'>in</span> <span class='ocrx_word' id='word_1_105' title='bbox 358 2590 392 2655; x_wconf 92' lang='lat' dir='ltr'>p,</span> <span class='ocrx_word' id='word_1_106' title='bbox 408 2567 593 2652; x_wconf 85' lang='lat' dir='ltr'>corporibus</span> <span class='ocrx_word' id='word_1_107' title='bbox 613 2569 636 2634; x_wconf 90' lang='lat' dir='ltr'>S</span> <span class='ocrx_word' id='word_1_108' title='bbox 652 2580 684 2640; x_wconf 86' lang='lat' dir='ltr'>et</span> <span class='ocrx_word' id='word_1_109' title='bbox 699 2567 726 2632; x_wconf 92' lang='lat' dir='ltr'>P</span> <span class='ocrx_word' id='word_1_110' title='bbox 742 2565 853 2632; x_wconf 86' lang='lat' dir='ltr'>similia</span> <span class='ocrx_word' id='word_1_111' title='bbox 874 2580 906 2631; x_wconf 84' lang='lat' dir='ltr'>et</span> <span class='ocrx_word' id='word_1_112' title='bbox 927 2565 1067 2654; x_wconf 70' lang='lat' dir='ltr'>aequalia.</span> <span class='ocrx_word' id='word_1_113' title='bbox 1110 2565 1197 2634; x_wconf 85' lang='lat' dir='ltr'>Dein</span> <span class='ocrx_word' id='word_1_114' title='bbox 1219 2579 1348 2656; x_wconf 86' lang='lat' dir='ltr'>tangant</span> <span class='ocrx_word' id='word_1_115' title='bbox 1371 2581 1465 2633; x_wconf 82' lang='lat' dir='ltr'>rectae</span> <span class='ocrx_word' id='word_1_116' title='bbox 1552 2551 1555 2560; x_wconf 46' lang='lat'>⁵</span> 
     </span>
     <span class='ocr_line' id='line_1_12' title="bbox 186 2671 1465 2766; baseline -0.003 -24"><span class='ocrx_word' id='word_1_117' title='bbox 186 2671 1465 2766; x_wconf 19' lang='lat' dir='ltr'>PRetprcurvesPQetpqinPetp,etproducanturCQletsqadR</span> 
     </span>
     <span class='ocr_line' id='line_1_13' title="bbox 183 2777 1538 2868; baseline -0.005 -20"><span class='ocrx_word' id='word_1_118' title='bbox 183 2795 257 2848; x_wconf 88' lang='lat' dir='ltr'>etr.</span> <span class='ocrx_word' id='word_1_119' title='bbox 303 2781 346 2848; x_wconf 88' lang='lat' dir='ltr'>Et</span> <span class='ocrx_word' id='word_1_120' title='bbox 364 2782 407 2846; x_wconf 91' lang='lat' dir='ltr'>ob</span> <span class='ocrx_word' id='word_1_121' title='bbox 428 2779 661 2846; x_wconf 85' lang='lat' dir='ltr'>similitudinem</span> <span class='ocrx_word' id='word_1_122' title='bbox 681 2777 1466 2868; x_wconf 82' lang='lat' dir='ltr'>figurarumCPRQ,aprqeritRQadrq</span> <span class='ocrx_word' id='word_1_123' title='bbox 1535 2849 1538 2856; x_wconf 21' lang='grc' dir='ltr'>Ι</span> 
     </span>
     <span class='ocr_line' id='line_1_14' title="bbox 182 2885 1466 2978; baseline -0.002 -22"><span class='ocrx_word' id='word_1_124' title='bbox 182 2901 219 2956; x_wconf 85' lang='lat' dir='ltr'>ut</span> <span class='ocrx_word' id='word_1_125' title='bbox 234 2889 263 2954; x_wconf 87' lang='lat' dir='ltr'>C</span> <span class='ocrx_word' id='word_1_126' title='bbox 278 2890 307 2955; x_wconf 90' lang='lat' dir='ltr'>P</span> <span class='ocrx_word' id='word_1_127' title='bbox 320 2889 362 2954; x_wconf 83' lang='lat' dir='ltr'>od</span> <span class='ocrx_word' id='word_1_128' title='bbox 377 2913 392 2956; x_wconf 85' lang='lat' dir='ltr'>s</span> <span class='ocrx_word' id='word_1_129' title='bbox 406 2910 438 2975; x_wconf 88' lang='lat' dir='ltr'>p,</span> <span class='ocrx_word' id='word_1_130' title='bbox 461 2889 596 2978; x_wconf 87' lang='lat' dir='ltr'>ideoque</span> <span class='ocrx_word' id='word_1_131' title='bbox 610 2888 643 2952; x_wconf 92' lang='lat' dir='ltr'>in</span> <span class='ocrx_word' id='word_1_132' title='bbox 658 2886 729 2952; x_wconf 78' lang='lat' dir='ltr'>dati</span> <span class='ocrx_word' id='word_1_133' title='bbox 745 2887 873 2952; x_wconf 88' lang='lat' dir='ltr'>ratione.</span> <span class='ocrx_word' id='word_1_134' title='bbox 919 2885 1057 2952; x_wconf 88' lang='lat' dir='ltr'>Proinde</span> <span class='ocrx_word' id='word_1_135' title='bbox 1082 2887 1109 2952; x_wconf 91' lang='lat' dir='ltr'>si</span> <span class='ocrx_word' id='word_1_136' title='bbox 1130 2887 1187 2967; x_wconf 84' lang='lat' dir='ltr'>ris,</span> <span class='ocrx_word' id='word_1_137' title='bbox 1214 2887 1275 2976; x_wconf 71' lang='lat' dir='ltr'>qul</span> <span class='ocrx_word' id='word_1_138' title='bbox 1299 2907 1411 2973; x_wconf 89' lang='lat' dir='ltr'>corpus</span> <span class='ocrx_word' id='word_1_139' title='bbox 1438 2887 1466 2954; x_wconf 88' lang='lat' dir='ltr'>P</span> 
     </span>
     <span class='ocr_line' id='line_1_15' title="bbox 183 2993 1464 3082; baseline -0.001 -21"><span class='ocrx_word' id='word_1_140' title='bbox 183 3019 292 3062; x_wconf 84' lang='lat' dir='ltr'>versus</span> <span class='ocrx_word' id='word_1_141' title='bbox 307 3017 421 3081; x_wconf 86' lang='lat' dir='ltr'>corpus</span> <span class='ocrx_word' id='word_1_142' title='bbox 438 2997 471 3074; x_wconf 84' lang='lat' dir='ltr'>S,</span> <span class='ocrx_word' id='word_1_143' title='bbox 487 3008 581 3082; x_wconf 83' lang='lat' dir='ltr'>atque</span> <span class='ocrx_word' id='word_1_144' title='bbox 596 2995 668 3059; x_wconf 92' lang='lat' dir='ltr'>ideo</span> <span class='ocrx_word' id='word_1_145' title='bbox 683 3017 791 3060; x_wconf 86' lang='lat' dir='ltr'>versus</span> <span class='ocrx_word' id='word_1_146' title='bbox 806 3008 947 3060; x_wconf 89' lang='lat' dir='ltr'>centrum</span> <span class='ocrx_word' id='word_1_147' title='bbox 961 2993 1179 3060; x_wconf 84' lang='lat' dir='ltr'>intermedium</span> <span class='ocrx_word' id='word_1_148' title='bbox 1189 2995 1217 3060; x_wconf 93' lang='lat' dir='ltr'>C</span> <span class='ocrx_word' id='word_1_149' title='bbox 1228 2995 1400 3074; x_wconf 86' lang='lat' dir='ltr'>attrabitur,</span> <span class='ocrx_word' id='word_1_150' title='bbox 1415 3018 1464 3060; x_wconf 88' lang='lat' dir='ltr'>es·</span> 
     </span>
     <span class='ocr_line' id='line_1_16' title="bbox 183 3099 1465 3188; baseline 0 -21"><span class='ocrx_word' id='word_1_151' title='bbox 183 3116 231 3170; x_wconf 88' lang='lat' dir='ltr'>set</span> <span class='ocrx_word' id='word_1_152' title='bbox 244 3101 285 3167; x_wconf 81' lang='lat' dir='ltr'>ad</span> <span class='ocrx_word' id='word_1_153' title='bbox 299 3102 372 3181; x_wconf 83' lang='lat' dir='ltr'>vim,</span> <span class='ocrx_word' id='word_1_154' title='bbox 389 3101 450 3188; x_wconf 75' lang='lat' dir='ltr'>qui</span> <span class='ocrx_word' id='word_1_155' title='bbox 465 3123 579 3188; x_wconf 91' lang='lat' dir='ltr'>corpus</span> <span class='ocrx_word' id='word_1_156' title='bbox 593 3123 616 3188; x_wconf 89' lang='lat' dir='ltr'>p</span> <span class='ocrx_word' id='word_1_157' title='bbox 630 3123 738 3168; x_wconf 86' lang='lat' dir='ltr'>versus</span> <span class='ocrx_word' id='word_1_158' title='bbox 753 3115 894 3167; x_wconf 87' lang='lat' dir='ltr'>centrum</span> <span class='ocrx_word' id='word_1_159' title='bbox 908 3111 924 3166; x_wconf 86' lang='lat' dir='ltr'>s</span> <span class='ocrx_word' id='word_1_160' title='bbox 938 3099 1113 3179; x_wconf 85' lang='lat' dir='ltr'>attrahitur,</span> <span class='ocrx_word' id='word_1_161' title='bbox 1124 3101 1157 3166; x_wconf 89' lang='lat' dir='ltr'>in</span> <span class='ocrx_word' id='word_1_162' title='bbox 1168 3101 1278 3167; x_wconf 72' lang='lat' dir='ltr'>eidem</span> <span class='ocrx_word' id='word_1_163' title='bbox 1286 3100 1465 3167; x_wconf 75' lang='lat' dir='ltr'>illitatione</span> 
     </span>
     <span class='ocr_line' id='line_1_17' title="bbox 184 3207 1465 3298; baseline -0.002 -22"><span class='ocrx_word' id='word_1_164' title='bbox 184 3209 278 3283; x_wconf 62' lang='lat' dir='ltr'>datin</span> <span class='ocrx_word' id='word_1_165' title='bbox 298 3209 350 3274; x_wconf 82' lang='lat' dir='ltr'>hae</span> <span class='ocrx_word' id='word_1_166' title='bbox 365 3212 444 3275; x_wconf 86' lang='lat' dir='ltr'>vires</span> <span class='ocrx_word' id='word_1_167' title='bbox 458 3209 631 3298; x_wconf 75' lang='lat' dir='ltr'>aequalibus</span> <span class='ocrx_word' id='word_1_168' title='bbox 646 3207 837 3294; x_wconf 80' lang='lat' dir='ltr'>temporibus</span> <span class='ocrx_word' id='word_1_169' title='bbox 852 3207 1041 3273; x_wconf 78' lang='lat' dir='ltr'>attraherent</span> <span class='ocrx_word' id='word_1_170' title='bbox 1054 3230 1187 3295; x_wconf 84' lang='lat' dir='ltr'>¹semper</span> <span class='ocrx_word' id='word_1_171' title='bbox 1199 3229 1327 3294; x_wconf 84' lang='lat' dir='ltr'>corpora</span> <span class='ocrx_word' id='word_1_172' title='bbox 1343 3209 1382 3274; x_wconf 90' lang='lat' dir='ltr'>de</span> <span class='ocrx_word' id='word_1_173' title='bbox 1397 3209 1465 3274; x_wconf 55' lang='lat' dir='ltr'>tan:</span> 
     </span>
     <span class='ocr_line' id='line_1_18' title="bbox 183 3295 1465 3406; baseline -0.001 -25"><span class='ocrx_word' id='word_1_174' title='bbox 183 3317 328 3406; x_wconf 79' lang='lat' dir='ltr'>gentibus</span> <span class='ocrx_word' id='word_1_175' title='bbox 345 3317 373 3382; x_wconf 94' lang='lat' dir='ltr'>P</span> <span class='ocrx_word' id='word_1_176' title='bbox 390 3317 431 3394; x_wconf 82' lang='lat' dir='ltr'>R,</span> <span class='ocrx_word' id='word_1_177' title='bbox 446 3339 468 3402; x_wconf 93' lang='lat' dir='ltr'>p</span> <span class='ocrx_word' id='word_1_178' title='bbox 483 3339 499 3380; x_wconf 92' lang='lat' dir='ltr'>r</span> <span class='ocrx_word' id='word_1_179' title='bbox 514 3315 554 3380; x_wconf 85' lang='lat' dir='ltr'>ed</span> <span class='ocrx_word' id='word_1_180' title='bbox 570 3337 660 3380; x_wconf 85' lang='lat' dir='ltr'>arcus</span> <span class='ocrx_word' id='word_1_181' title='bbox 682 3315 709 3378; x_wconf 93' lang='lat' dir='ltr'>P</span> <span class='ocrx_word' id='word_1_182' title='bbox 727 3315 770 3393; x_wconf 88' lang='lat' dir='ltr'>Q,</span> <span class='ocrx_word' id='word_1_183' title='bbox 791 3335 851 3400; x_wconf 89' lang='lat' dir='ltr'>pq</span> <span class='ocrx_word' id='word_1_184' title='bbox 870 3337 927 3400; x_wconf 90' lang='lat' dir='ltr'>per</span> <span class='ocrx_word' id='word_1_185' title='bbox 947 3315 1108 3380; x_wconf 80' lang='lat' dir='ltr'>intervalla</span> <span class='ocrx_word' id='word_1_186' title='bbox 1128 3315 1202 3400; x_wconf 88' lang='lat' dir='ltr'>ipsis</span> <span class='ocrx_word' id='word_1_187' title='bbox 1223 3295 1465 3400; x_wconf 77' lang='lat' dir='ltr'>propoitionalia</span> 
     </span>
     <span class='ocr_line' id='line_1_19' title="bbox 187 3419 1464 3510; baseline -0.002 -20"><span class='ocrx_word' id='word_1_188' title='bbox 187 3423 277 3500; x_wconf 80' lang='lat' dir='ltr'>RQ,</span> <span class='ocrx_word' id='word_1_189' title='bbox 293 3446 310 3487; x_wconf 93' lang='lat' dir='ltr'>r</span> <span class='ocrx_word' id='word_1_190' title='bbox 324 3445 355 3510; x_wconf 94' lang='lat' dir='ltr'>q,</span> <span class='ocrx_word' id='word_1_191' title='bbox 371 3422 503 3509; x_wconf 88' lang='lat' dir='ltr'>ideoque</span> <span class='ocrx_word' id='word_1_192' title='bbox 517 3423 565 3488; x_wconf 86' lang='lat' dir='ltr'>vis</span> <span class='ocrx_word' id='word_1_193' title='bbox 579 3421 734 3507; x_wconf 85' lang='lat' dir='ltr'>posterior</span> <span class='ocrx_word' id='word_1_194' title='bbox 748 3419 892 3497; x_wconf 86' lang='lat' dir='ltr'>efficeret,</span> <span class='ocrx_word' id='word_1_195' title='bbox 908 3433 944 3484; x_wconf 89' lang='lat' dir='ltr'>ut</span> <span class='ocrx_word' id='word_1_196' title='bbox 957 3442 1069 3505; x_wconf 94' lang='lat' dir='ltr'>corpus</span> <span class='ocrx_word' id='word_1_197' title='bbox 1089 3443 1111 3505; x_wconf 96' lang='lat' dir='ltr'>p</span> <span class='ocrx_word' id='word_1_198' title='bbox 1133 3433 1296 3508; x_wconf 82' lang='lat' dir='ltr'>gyrerctur</span> <span class='ocrx_word' id='word_1_199' title='bbox 1316 3421 1350 3490; x_wconf 85' lang='lat' dir='ltr'>in</span> <span class='ocrx_word' id='word_1_200' title='bbox 1371 3421 1464 3488; x_wconf 71' lang='lat' dir='ltr'>cur-vt</span> 
     </span>
     <span class='ocr_line' id='line_1_20' title="bbox 183 3523 1464 3618; baseline -0.002 -24"><span class='ocrx_word' id='word_1_201' title='bbox 183 3553 206 3616; x_wconf 93' lang='lat' dir='ltr'>p</span> <span class='ocrx_word' id='word_1_202' title='bbox 221 3553 241 3618; x_wconf 91' lang='lat' dir='ltr'>q</span> <span class='ocrx_word' id='word_1_203' title='bbox 255 3552 285 3611; x_wconf 85' lang='lat' dir='ltr'>v,</span> <span class='ocrx_word' id='word_1_204' title='bbox 300 3552 371 3616; x_wconf 86' lang='lat' dir='ltr'>quae</span> <span class='ocrx_word' id='word_1_205' title='bbox 386 3529 496 3594; x_wconf 91' lang='lat' dir='ltr'>similis</span> <span class='ocrx_word' id='word_1_206' title='bbox 512 3542 593 3594; x_wconf 89' lang='lat' dir='ltr'>esset</span> <span class='ocrx_word' id='word_1_207' title='bbox 607 3527 756 3593; x_wconf 82' lang='lat' dir='ltr'>curvaeP</span> <span class='ocrx_word' id='word_1_208' title='bbox 771 3527 804 3603; x_wconf 89' lang='lat' dir='ltr'>Q</span> <span class='ocrx_word' id='word_1_209' title='bbox 818 3526 859 3604; x_wconf 90' lang='lat' dir='ltr'>V,</span> <span class='ocrx_word' id='word_1_210' title='bbox 875 3527 908 3589; x_wconf 92' lang='lat' dir='ltr'>in</span> <span class='ocrx_word' id='word_1_211' title='bbox 923 3525 983 3612; x_wconf 76' lang='lat' dir='ltr'>qui</span> <span class='ocrx_word' id='word_1_212' title='bbox 998 3527 1044 3590; x_wconf 85' lang='lat' dir='ltr'>vis</span> <span class='ocrx_word' id='word_1_213' title='bbox 1065 3525 1151 3612; x_wconf 90' lang='lat' dir='ltr'>prior</span> <span class='ocrx_word' id='word_1_214' title='bbox 1172 3523 1273 3606; x_wconf 82' lang='lat' dir='ltr'>efficit,</span> <span class='ocrx_word' id='word_1_215' title='bbox 1297 3537 1332 3590; x_wconf 90' lang='lat' dir='ltr'>ut</span> <span class='ocrx_word' id='word_1_216' title='bbox 1352 3547 1464 3616; x_wconf 82' lang='lat' dir='ltr'>corpus</span> 
     </span>
     <span class='ocr_line' id='line_1_21' title="bbox 186 3617 1463 3724; baseline -0.002 -22"><span class='ocrx_word' id='word_1_217' title='bbox 186 3637 214 3702; x_wconf 94' lang='lat' dir='ltr'>P</span> <span class='ocrx_word' id='word_1_218' title='bbox 227 3617 356 3724; x_wconf 81' lang='lat' dir='ltr'>gyretui·</span> <span class='ocrx_word' id='word_1_219' title='bbox 364 3660 375 3714; x_wconf 81' lang='lat'>3</span> <span class='ocrx_word' id='word_1_220' title='bbox 398 3647 430 3700; x_wconf 89' lang='lat' dir='ltr'>et</span> <span class='ocrx_word' id='word_1_221' title='bbox 444 3634 651 3702; x_wconf 87' lang='lat' dir='ltr'>revolutiones</span> <span class='ocrx_word' id='word_1_222' title='bbox 667 3632 778 3698; x_wconf 89' lang='lat' dir='ltr'>iisdem</span> <span class='ocrx_word' id='word_1_223' title='bbox 792 3630 982 3717; x_wconf 87' lang='lat' dir='ltr'>temporibus</span> <span class='ocrx_word' id='word_1_224' title='bbox 993 3631 1230 3716; x_wconf 89' lang='lat' dir='ltr'>complerentur.</span> <span class='ocrx_word' id='word_1_225' title='bbox 1264 3633 1463 3720; x_wconf 83' lang='lat' dir='ltr'>Atquoniam</span> 
     </span>
     <span class='ocr_line' id='line_1_22' title="bbox 184 3739 1462 3826; baseline 0.002 -18"><span class='ocrx_word' id='word_1_226' title='bbox 184 3743 264 3808; x_wconf 80' lang='lat' dir='ltr'>vires</span> <span class='ocrx_word' id='word_1_227' title='bbox 277 3743 341 3807; x_wconf 87' lang='lat' dir='ltr'>illae</span> <span class='ocrx_word' id='word_1_228' title='bbox 355 3763 421 3806; x_wconf 91' lang='lat' dir='ltr'>non</span> <span class='ocrx_word' id='word_1_229' title='bbox 436 3741 563 3807; x_wconf 87' lang='lat' dir='ltr'>suntad</span> <span class='ocrx_word' id='word_1_230' title='bbox 577 3741 711 3806; x_wconf 86' lang='lat' dir='ltr'>invicem</span> <span class='ocrx_word' id='word_1_231' title='bbox 724 3741 758 3805; x_wconf 94' lang='lat' dir='ltr'>in</span> <span class='ocrx_word' id='word_1_232' title='bbox 773 3741 892 3806; x_wconf 87' lang='lat' dir='ltr'>ratione</span> <span class='ocrx_word' id='word_1_233' title='bbox 911 3739 938 3806; x_wconf 88' lang='lat' dir='ltr'>C</span> <span class='ocrx_word' id='word_1_234' title='bbox 954 3740 981 3806; x_wconf 90' lang='lat' dir='ltr'>P</span> <span class='ocrx_word' id='word_1_235' title='bbox 995 3739 1035 3805; x_wconf 86' lang='lat' dir='ltr'>ed</span> <span class='ocrx_word' id='word_1_236' title='bbox 1049 3762 1111 3824; x_wconf 87' lang='lat' dir='ltr'>sp,</span> <span class='ocrx_word' id='word_1_237' title='bbox 1134 3739 1189 3805; x_wconf 82' lang='lat' dir='ltr'>scd</span> <span class='ocrx_word' id='word_1_238' title='bbox 1211 3741 1266 3826; x_wconf 91' lang='lat' dir='ltr'>(ob</span> <span class='ocrx_word' id='word_1_239' title='bbox 1289 3742 1462 3810; x_wconf 63' lang='lat' dir='ltr'>sunilitudiss</span> 
     </span>
     <span class='ocr_line' id='line_1_23' title="bbox 184 3847 1462 3936; baseline 0.002 -20"><span class='ocrx_word' id='word_1_240' title='bbox 184 3873 258 3916; x_wconf 89' lang='lat' dir='ltr'>nem</span> <span class='ocrx_word' id='word_1_241' title='bbox 272 3863 303 3916; x_wconf 87' lang='lat' dir='ltr'>et</span> <span class='ocrx_word' id='word_1_242' title='bbox 316 3849 525 3936; x_wconf 84' lang='lat' dir='ltr'>aequalitatem</span> <span class='ocrx_word' id='word_1_243' title='bbox 540 3871 706 3934; x_wconf 86' lang='lat' dir='ltr'>corporum</span> <span class='ocrx_word' id='word_1_244' title='bbox 722 3850 745 3915; x_wconf 91' lang='lat' dir='ltr'>S</span> <span class='ocrx_word' id='word_1_245' title='bbox 760 3861 830 3926; x_wconf 88' lang='lat' dir='ltr'>ets,</span> <span class='ocrx_word' id='word_1_246' title='bbox 848 3847 922 3914; x_wconf 90' lang='lat' dir='ltr'>Pet</span> <span class='ocrx_word' id='word_1_247' title='bbox 935 3870 967 3935; x_wconf 96' lang='lat' dir='ltr'>p,</span> <span class='ocrx_word' id='word_1_248' title='bbox 983 3862 1015 3914; x_wconf 90' lang='lat' dir='ltr'>et</span> <span class='ocrx_word' id='word_1_249' title='bbox 1028 3849 1234 3936; x_wconf 79' lang='lat' dir='ltr'>aequalitatem</span> <span class='ocrx_word' id='word_1_250' title='bbox 1249 3849 1462 3918; x_wconf 78' lang='lat' dir='ltr'>distantiarum</span> 
     </span>
     <span class='ocr_line' id='line_1_24' title="bbox 186 3951 1462 4042; baseline -0.001 -19"><span class='ocrx_word' id='word_1_251' title='bbox 186 3956 264 4034; x_wconf 90' lang='lat' dir='ltr'>SP,</span> <span class='ocrx_word' id='word_1_252' title='bbox 281 3955 345 4040; x_wconf 85' lang='lat' dir='ltr'>sp)</span> <span class='ocrx_word' id='word_1_253' title='bbox 368 3953 426 4019; x_wconf 90' lang='lat' dir='ltr'>sibi</span> <span class='ocrx_word' id='word_1_254' title='bbox 440 3951 551 4018; x_wconf 78' lang='lat' dir='ltr'>mutuo</span> <span class='ocrx_word' id='word_1_255' title='bbox 571 3953 727 4041; x_wconf 80' lang='lat' dir='ltr'>aequales3</span> <span class='ocrx_word' id='word_1_256' title='bbox 749 3975 880 4039; x_wconf 88' lang='lat' dir='ltr'>corpora</span> <span class='ocrx_word' id='word_1_257' title='bbox 901 3954 1071 4041; x_wconf 73' lang='lat' dir='ltr'>equaubus</span> <span class='ocrx_word' id='word_1_258' title='bbox 1092 3957 1282 4042; x_wconf 86' lang='lat' dir='ltr'>temporibus</span> <span class='ocrx_word' id='word_1_259' title='bbox 1303 3957 1462 4042; x_wconf 77' lang='lat' dir='ltr'>[equaliter</span> 
     </span>
     <span class='ocr_line' id='line_1_25' title="bbox 184 4061 1462 4151; baseline -0.002 -21"><span class='ocrx_word' id='word_1_260' title='bbox 184 4063 347 4130; x_wconf 80' lang='lat' dir='ltr'>trahentur</span> <span class='ocrx_word' id='word_1_261' title='bbox 361 4061 402 4128; x_wconf 85' lang='lat' dir='ltr'>(ie</span> <span class='ocrx_word' id='word_1_262' title='bbox 415 4061 612 4150; x_wconf 79' lang='lat' dir='ltr'>tangentibus</span> <span class='ocrx_word' id='word_1_263' title='bbox 624 4086 632 4126; x_wconf 74' lang='grc' dir='ltr'><strong>ι</strong></span> <span class='ocrx_word' id='word_1_264' title='bbox 656 4075 689 4127; x_wconf 91' lang='lat' dir='ltr'>et</span> <span class='ocrx_word' id='word_1_265' title='bbox 695 4073 870 4148; x_wconf 84' lang='lat' dir='ltr'>propterea,</span> <span class='ocrx_word' id='word_1_266' title='bbox 882 4075 1039 4150; x_wconf 82' lang='lat' dir='ltr'>utcorpua</span> <span class='ocrx_word' id='word_1_267' title='bbox 1051 4066 1204 4148; x_wconf 87' lang='lat' dir='ltr'>posterius</span> <span class='ocrx_word' id='word_1_268' title='bbox 1218 4085 1240 4148; x_wconf 90' lang='lat' dir='ltr'>p</span> <span class='ocrx_word' id='word_1_269' title='bbox 1254 4064 1395 4130; x_wconf 83' lang='lat' dir='ltr'>trahatur</span> <span class='ocrx_word' id='word_1_270' title='bbox 1404 4087 1462 4151; x_wconf 84' lang='lat' dir='ltr'>per</span> 
     </span>
     <span class='ocr_line' id='line_1_26' title="bbox 184 4169 1459 4259; baseline 0.002 -21"><span class='ocrx_word' id='word_1_271' title='bbox 184 4171 380 4238; x_wconf 79' lang='lat' dir='ltr'>intervallum</span> <span class='ocrx_word' id='word_1_272' title='bbox 394 4170 495 4258; x_wconf 72' lang='lat' dir='ltr'>majus</span> <span class='ocrx_word' id='word_1_273' title='bbox 507 4193 526 4235; x_wconf 89' lang='lat' dir='ltr'>r</span> <span class='ocrx_word' id='word_1_274' title='bbox 540 4194 571 4258; x_wconf 92' lang='lat' dir='ltr'>q,</span> <span class='ocrx_word' id='word_1_275' title='bbox 586 4169 753 4256; x_wconf 86' lang='lat' dir='ltr'>requiritur</span> <span class='ocrx_word' id='word_1_276' title='bbox 767 4183 889 4256; x_wconf 84' lang='lat' dir='ltr'>tempus</span> <span class='ocrx_word' id='word_1_277' title='bbox 902 4173 1011 4257; x_wconf 83' lang='lat' dir='ltr'>majus,</span> <span class='ocrx_word' id='word_1_278' title='bbox 1036 4175 1071 4257; x_wconf 74' lang='lat'>(⁰)</span> <span class='ocrx_word' id='word_1_279' title='bbox 1093 4171 1186 4259; x_wconf 91' lang='lat' dir='ltr'>idque</span> <span class='ocrx_word' id='word_1_280' title='bbox 1200 4173 1232 4234; x_wconf 90' lang='lat' dir='ltr'>in</span> <span class='ocrx_word' id='word_1_281' title='bbox 1247 4171 1459 4257; x_wconf 74' lang='lat' dir='ltr'>subduplicatir</span> 
     </span>
     <span class='ocr_line' id='line_1_27' title="bbox 184 4277 1459 4368; baseline 0 -22"><span class='ocrx_word' id='word_1_282' title='bbox 184 4279 306 4346; x_wconf 80' lang='lat' dir='ltr'>ratione</span> <span class='ocrx_word' id='word_1_283' title='bbox 321 4277 575 4357; x_wconf 68' lang='lat' dir='ltr'>intervallorum</span> <span class='ocrx_word' id='word_1_284' title='bbox 596 4289 762 4366; x_wconf 83' lang='lat' dir='ltr'>propterea</span> <span class='ocrx_word' id='word_1_285' title='bbox 775 4279 859 4365; x_wconf 88' lang='lat' dir='ltr'>qnod</span> <span class='ocrx_word' id='word_1_286' title='bbox 882 4284 952 4368; x_wconf 88' lang='lat' dir='ltr'>(per</span> <span class='ocrx_word' id='word_1_287' title='bbox 966 4280 1078 4345; x_wconf 90' lang='lat' dir='ltr'>lemma</span> <span class='ocrx_word' id='word_1_288' title='bbox 1092 4281 1258 4362; x_wconf 86' lang='lat' dir='ltr'>decimum)</span> <span class='ocrx_word' id='word_1_289' title='bbox 1280 4283 1377 4368; x_wconf 85' lang='lat' dir='ltr'>spatia</span> <span class='ocrx_word' id='word_1_290' title='bbox 1392 4281 1459 4368; x_wconf 87' lang='lat' dir='ltr'>ipso</span> 
     </span>
    </p>
   </div>
   <div class='ocr_carea' id='block_1_4' title="bbox 186 4470 1457 4792">
    <p class='ocr_par' dir='ltr' id='par_1_5' title="bbox 186 4470 1457 4792">
     <span class='ocr_line' id='line_1_28' title="bbox 217 4470 1455 4548; baseline 0.001 -27"><span class='ocrx_word' id='word_1_291' title='bbox 217 4471 252 4536; x_wconf 68' lang='lat'>(⁵)</span> <span class='ocrx_word' id='word_1_292' title='bbox 271 4474 284 4504; x_wconf 73' lang='lat'><strong>⁹</strong></span> <span class='ocrx_word' id='word_1_293' title='bbox 301 4473 355 4521; x_wconf 73' lang='lat' dir='ltr'>Erit</span> <span class='ocrx_word' id='word_1_294' title='bbox 365 4473 442 4521; x_wconf 68' lang='lat' dir='ltr'>antus</span> <span class='ocrx_word' id='word_1_295' title='bbox 452 4480 474 4521; x_wconf 83' lang='lat' dir='ltr'>ct</span> <span class='ocrx_word' id='word_1_296' title='bbox 488 4473 585 4548; x_wconf 77' lang='lat' dir='ltr'>aqualis</span> <span class='ocrx_word' id='word_1_297' title='bbox 599 4472 681 4527; x_wconf 68' lang='lat' dir='ltr'>urob,</span> <span class='ocrx_word' id='word_1_298' title='bbox 700 4477 728 4517; x_wconf 82' lang='lat' dir='ltr'>ut</span> <span class='ocrx_word' id='word_1_299' title='bbox 744 4477 809 4531; x_wconf 79' lang='lat' dir='ltr'>patet</span> <span class='ocrx_word' id='word_1_300' title='bbox 838 4470 998 4532; x_wconf 72' lang='lat' dir='ltr'>ntbduplicatl</span> <span class='ocrx_word' id='word_1_301' title='bbox 1018 4472 1106 4520; x_wconf 83' lang='lat' dir='ltr'>ratione</span> <span class='ocrx_word' id='word_1_302' title='bbox 1123 4472 1256 4520; x_wconf 85' lang='lat' dir='ltr'>eorumdem</span> <span class='ocrx_word' id='word_1_303' title='bbox 1273 4473 1455 4532; x_wconf 76' lang='lat' dir='ltr'>lnnmtlornm,</span> 
     </span>
     <span class='ocr_line' id='line_1_29' title="bbox 186 4533 1457 4596; baseline 0.002 -12"><span class='ocrx_word' id='word_1_304' title='bbox 186 4534 589 4596; x_wconf 72' lang='lat' dir='ltr'>erdemcnsmticnepropontionir</span> <span class='ocrx_word' id='word_1_305' title='bbox 599 4533 730 4594; x_wconf 69' lang='lat' dir='ltr'>asperioris.</span> <span class='ocrx_word' id='word_1_306' title='bbox 837 4549 880 4595; x_wconf 82' lang='lat' dir='ltr'>per</span> <span class='ocrx_word' id='word_1_307' title='bbox 899 4535 966 4582; x_wconf 89' lang='lat' dir='ltr'>Lem.</span> <span class='ocrx_word' id='word_1_308' title='bbox 989 4537 1021 4583; x_wconf 81' lang='lat' dir='ltr'>X.</span> <span class='ocrx_word' id='word_1_309' title='bbox 1051 4535 1130 4591; x_wconf 65' lang='lat' dir='ltr'>Queri</span> <span class='ocrx_word' id='word_1_310' title='bbox 1183 4536 1312 4584; x_wconf 68' lang='lat' dir='ltr'>velocitates</span> <span class='ocrx_word' id='word_1_311' title='bbox 1331 4539 1457 4587; x_wconf 78' lang='lat' dir='ltr'>unitor-maa</span> 
     </span>
     <span class='ocr_line' id='line_1_30' title="bbox 218 4598 1455 4664; baseline -0.001 -16"><span class='ocrx_word' id='word_1_312' title='bbox 218 4599 252 4662; x_wconf 66' lang='grc' dir='ltr'>Γ)</span> <span class='ocrx_word' id='word_1_313' title='bbox 269 4601 299 4648; x_wconf 78' lang='lat' dir='ltr'>tu</span> <span class='ocrx_word' id='word_1_314' title='bbox 359 4601 385 4646; x_wconf 82' lang='lat' dir='ltr'>in</span> <span class='ocrx_word' id='word_1_315' title='bbox 401 4598 557 4660; x_wconf 59' lang='lat' dir='ltr'>abruptura</span> <span class='ocrx_word' id='word_1_316' title='bbox 577 4601 666 4646; x_wconf 77' lang='lat' dir='ltr'>ratione</span> <span class='ocrx_word' id='word_1_317' title='bbox 683 4600 808 4646; x_wconf 68' lang='lat' dir='ltr'>lamala·</span> <span class='ocrx_word' id='word_1_318' title='bbox 838 4599 923 4660; x_wconf 71' lang='lat' dir='ltr'>quum</span> <span class='ocrx_word' id='word_1_319' title='bbox 933 4599 1017 4646; x_wconf 69' lang='lat' dir='ltr'>smiles</span> <span class='ocrx_word' id='word_1_320' title='bbox 1027 4613 1093 4646; x_wconf 75' lang='lat' dir='ltr'>crena</span> <span class='ocrx_word' id='word_1_321' title='bbox 1104 4607 1246 4660; x_wconf 69' lang='lat' dir='ltr'>amoenoeap</span> <span class='ocrx_word' id='word_1_322' title='bbox 1257 4615 1279 4664; x_wconf 88' lang='lat' dir='ltr'>q,</span> <span class='ocrx_word' id='word_1_323' title='bbox 1294 4601 1315 4650; x_wconf 90' lang='lat' dir='ltr'>P</span> <span class='ocrx_word' id='word_1_324' title='bbox 1326 4603 1455 4664; x_wconf 72' lang='lat' dir='ltr'>Qeqnall-</span> 
     </span>
     <span class='ocr_line' id='line_1_31' title="bbox 187 4615 1454 4724; baseline 0.001 -13"><span class='ocrx_word' id='word_1_325' title='bbox 187 4679 248 4711; x_wconf 72' lang='lat' dir='ltr'>ram.</span> <span class='ocrx_word' id='word_1_326' title='bbox 283 4615 545 4710; x_wconf 44' lang='lat' dir='ltr'>riaiioeanbumna</span> <span class='ocrx_word' id='word_1_327' title='bbox 588 4677 611 4724; x_wconf 90' lang='lat' dir='ltr'>q,</span> <span class='ocrx_word' id='word_1_328' title='bbox 630 4659 690 4715; x_wconf 75' lang='lat' dir='ltr'>Po</span> <span class='ocrx_word' id='word_1_329' title='bbox 703 4669 807 4722; x_wconf 79' lang='lat' dir='ltr'>tempore</span> <span class='ocrx_word' id='word_1_330' title='bbox 836 4661 1115 4723; x_wconf 77' lang='lat' dir='ltr'>buariribnacentrlpetir</span> <span class='ocrx_word' id='word_1_331' title='bbox 1130 4663 1295 4716; x_wconf 74' lang='lat' dir='ltr'>describuntur,</span> <span class='ocrx_word' id='word_1_332' title='bbox 1306 4664 1412 4712; x_wconf 82' lang='lat' dir='ltr'>dicantur</span> <span class='ocrx_word' id='word_1_333' title='bbox 1423 4666 1454 4724; x_wconf 88' lang='lat' dir='ltr'>V,</span> 
     </span>
     <span class='ocr_line' id='line_1_32' title="bbox 186 4723 1450 4792; baseline 0.006 -20"><span class='ocrx_word' id='word_1_334' title='bbox 186 4724 622 4789; x_wconf 74' lang='lat' dir='ltr'>quibusdeacribunturintcrvcllnrq,</span> <span class='ocrx_word' id='word_1_335' title='bbox 638 4725 767 4780; x_wconf 77' lang='lat' dir='ltr'>Rqunt</span> <span class='ocrx_word' id='word_1_336' title='bbox 782 4723 807 4770; x_wconf 84' lang='lat' dir='ltr'>in</span> <span class='ocrx_word' id='word_1_337' title='bbox 837 4727 1173 4786; x_wconf 42' lang='lat' dir='ltr'>nemorensem&amp;</span> <span class='ocrx_word' id='word_1_338' title='bbox 1187 4730 1329 4792; x_wconf 81' lang='lat' dir='ltr'>t²=rq:</span> <span class='ocrx_word' id='word_1_339' title='bbox 1345 4729 1450 4787; x_wconf 66' lang='lat' dir='ltr'>lister</span> 
     </span>
    </p>
   </div>
   <div class='ocr_carea' id='block_1_5' title="bbox 0 0 1790 5854">
    <p class='ocr_par' dir='ltr' id='par_1_6' title="bbox 0 0 1790 5854">
     <span class='ocr_line' id='line_1_33' title="bbox 0 0 1790 5854; baseline 0 1"><span class='ocrx_word' id='word_1_340' title='bbox 0 0 1790 5854; x_wconf 95' lang='lat' dir='ltr'> </span> 
     </span>
    </p>
   </div>
  </div>
 </body>
</html>
