3580 5866
309 491 384 559 xsir
839 489 1065 558 untionis

307 663 525 751 sesquiplieata
538 662 756 746 distantiarum
769 687 789 729 a
804 649 882 742 sole,
906 675 1030 749 oportet
1044 664 1180 749 partium
1201 664 1327 730 vorticis
1352 661 1499 748 periodos
1523 681 1597 726 uu*

307 768 381 836 dem
395 770 547 836 rationem
562 792 695 846 servare.
742 770 822 836 Inde
841 768 915 835 verb
935 770 1084 857 sequitur,
1100 771 1180 836 vires
1194 770 1383 858 oerrtrifirgas
1398 769 1510 834 harum
1525 789 1598 854 par·

307 878 385 942 tium
407 877 474 944 lore
495 878 653 964 reciprood
675 891 711 944 ut
736 879 887 967 quadrata
912 880 1139 946 distantiarum.
1183 882 1266 963 Quoe
1291 882 1387 970 igitur
1411 882 1529 967 nujore
1550 879 1599 944 in·

307 984 437 1050 tervallo
460 986 609 1053 distante
624 1001 743 1064 centro,
766 989 908 1052 nituntur
931 988 972 1052 ab
995 988 1108 1053 eodem
1129 988 1275 1056 recedere
1295 991 1417 1054 minore
1438 989 1486 1052 vi:
1513 984 1599 1050 unde

307 1095 332 1158 si
361 1093 465 1162 minuis
491 1096 597 1162 deusae
623 1096 747 1175 fuerint,
775 1119 902 1162 necesse
927 1111 976 1164 est
1000 1109 1037 1162 ut
1063 1097 1177 1162 cedem
1205 1097 1236 1166 ti
1258 1098 1375 1182 majori,
1401 1093 1462 1183 qui
1492 1106 1598 1180 partes

307 1213 416 1267 centro
440 1204 604 1288 propiores
633 1203 802 1268 ascendere
831 1217 995 1268 conantur.
1051 1203 1235 1273 Ascendent
1249 1223 1327 1291 ergo
1348 1203 1519 1278 densiores,
1543 1199 1599 1264 de-

307 1310 459 1375 scendent
481 1311 584 1374 minus
599 1309 716 1387 dense,
742 1322 774 1374 et
798 1309 941 1374 locorum
962 1311 1018 1375 liet
1040 1310 1174 1374 invicem
1192 1311 1402 1394 permutatim
1432 1309 1533 1372 donec
1555 1307 1600 1371 ita

306 1417 400 1482 tuerit
414 1417 564 1503 disposita
578 1429 672 1504 etque
686 1417 831 1482 ordinata
853 1417 1097 1484 materiafluida
1110 1417 1205 1482 totius
1220 1417 1357 1494 vorticis,
1381 1428 1416 1480 ut
1437 1415 1600 1502 conquies-

306 1545 377 1590 cere
387 1525 454 1609 jam
465 1525 564 1610 possit
578 1525 611 1588 in
636 1525 811 1611 aequilibrio
831 1526 1008 1598 constituta.
1055 1527 1089 1592 Si
1102 1526 1177 1591 bina
1198 1525 1305 1604 fluida,
1330 1547 1464 1611 quorum
1479 1523 1602 1590 diuersa

305 1645 352 1698 est
366 1632 513 1710 densitas,
536 1632 570 1696 iu
595 1632 707 1698 eodem
722 1655 795 1698 vase
818 1633 1016 1698 continentur
1028 1656 1037 1710 3
1061 1635 1168 1719 utique
1191 1632 1331 1698 futurum
1346 1644 1445 1697 estut
1456 1632 1601 1708 fluidum,

306 1740 393 1824 cujas
407 1740 507 1824 major
521 1751 569 1803 est
583 1739 731 1817 densitas,
752 1741 873 1826 majore
887 1741 918 1804 vi
932 1741 1092 1829 gravitatis
1105 1741 1250 1807 infimum
1264 1751 1351 1825 petat
1363 1738 1487 1804 locum:
1510 1752 1603 1804 etra-

305 1849 390 1914 tione
404 1872 470 1916 nou
485 1851 620 1916 absimili
635 1851 764 1916 omnini>
775 1852 946 1918 dicendum
966 1866 1025 1930 est,
1048 1852 1210 1918 densiores
1225 1851 1351 1916 vorticis
1364 1862 1470 1934 partes
1484 1851 1604 1934 majore

305 1955 336 2020 vi
350 1957 523 2046 oeutrifugi
537 1971 645 2044 petere
659 1981 842 2044 supremtun
857 1959 971 2026 locum.
1017 1959 1103 2024 Tota
1116 1959 1211 2046 ign'tur
1225 1957 1279 2022 illa
1299 1969 1331 2022 et
1344 1955 1444 2020 muto
1465 1955 1604 2021 maxima

305 2087 378 2152 pars
402 2067 538 2145 vorticis,
562 2091 634 2154 quoe
652 2070 738 2154 jacet
763 2068 853 2134 extri
867 2069 987 2134 telluris
1013 2069 1133 2146 orbem,
1157 2053 1343 2146 densitatem
1359 2067 1487 2132 babebit
1510 2079 1604 2154 atque

305 2172 385 2238 aded
400 2174 464 2238 vim
479 2174 600 2238 inertiae
615 2195 675 2260 pro
689 2175 773 2240 mole
788 2175 937 2251 materias,
955 2197 1028 2260 quae
1051 2197 1116 2238 non
1138 2175 1244 2238 minor
1265 2175 1326 2238 erit
1347 2172 1443 2260 quim
1464 2171 1603 2238 densitas

272 2319 281 2354 r
305 2293 338 2347 et
360 2281 406 2344 vis
422 2282 544 2347 inertioe
558 2281 696 2348 telluris:
721 2277 796 2347 inde
810 2281 886 2346 verd
901 2283 1032 2348 cometis
1047 2282 1183 2367 trajectis
1198 2281 1317 2370 orietur
1331 2282 1442 2368 iugens
1456 2281 1604 2344 resisten-

307 2387 360 2466 tia,
383 2400 415 2452 et
429 2388 520 2454 valde
542 2389 714 2452 admodum
735 2389 910 2465 sensibilis3
932 2411 974 2454 ue
987 2389 1102 2468 dicam,
1125 2411 1197 2474 quae
1217 2403 1340 2454 motum
1362 2385 1534 2452 eorundem
1547 2409 1604 2473 po·

305 2496 389 2564 niuis
402 2499 512 2564 sistere
526 2509 620 2583 etque
642 2497 812 2564 absorbere
830 2519 925 2582 posse
947 2497 1060 2562 meriti)
1082 2497 1235 2564 videatur.
1282 2497 1416 2562 Constm
1437 2492 1541 2562 autem
1563 2517 1605 2562 ex

305 2620 394 2673 motu
409 2617 602 2671 cometarum
616 2603 746 2688 prorsuis
761 2603 909 2691 regulari,
931 2605 1049 2670 nullom
1070 2606 1156 2689 ipsos
1171 2605 1377 2670 resistentiam
1389 2607 1454 2690 pati
1470 2627 1541 2692 quoe
1555 2605 1605 2672 vel

307 2707 472 2778 minimdm
490 2709 598 2774 sentiri
613 2721 719 2792 potest
725 2733 735 2785 3
758 2722 851 2794 atque
862 2711 943 2774 adei)
958 2711 1141 2796 neutiquam
1159 2713 1193 2774 in'
1208 2713 1369 2776 materiam
1385 2712 1482 2776 ullam
1496 2713 1604 2777 incur·

307 2845 387 2900 sure,
411 2824 499 2908 cujus
513 2822 618 2908 aliquo
628 2822 668 2887 sit
682 2821 728 2886 vis
750 2822 925 2899 resistendi,
949 2822 998 2891 uel
1021 2822 1155 2907 proinde
1181 2824 1269 2907 eujus
1289 2823 1394 2910 aliqua
1409 2824 1450 2888 sit
1465 2824 1604 2890 densitas

308 2957 365 3000 seu
378 2934 425 2998 vis
439 2934 569 3000 inertiae.
615 2933 700 2998 Nam
714 2932 890 3000 resistentia
911 2931 1088 2996 mediorum
1108 2929 1207 2997 orion*
1221 2931 1271 2996 vel
1286 2933 1325 2997 ab
1340 2925 1452 2997 inertis
1464 2934 1605 2998 meteriae

308 3042 425 3120 fluidae,
448 3043 498 3108 vel
512 3066 531 3107 a
546 3040 670 3106 defectu
684 3040 879 3106 lubricitatis.
925 3039 1009 3116 Qua
1023 3039 1124 3104 oritur
1144 3061 1165 3102 o
1184 3039 1307 3104 defectu
1330 3040 1525 3115 lubricitatis,
1549 3041 1605 3106 ad·

259 3184 262 3192 ·
309 3147 440 3214 modum
452 3148 569 3234 exigua
589 3159 653 3224 est;
676 3158 708 3212 et
729 3144 805 3212 sani
826 3147 881 3212 vix
901 3146 1062 3211 observari
1083 3157 1186 3229 potest
1207 3147 1241 3210 iu
1261 3147 1369 3212 fluidis
1391 3147 1487 3236 vnlgd
1511 3150 1603 3226 notis,

309 3258 370 3324 nisi
384 3257 475 3324 valde
495 3259 617 3324 tenacia
638 3257 754 3324 suerint
774 3256 813 3321 ad
835 3258 934 3322 instar
952 3257 1012 3320 olei
1032 3269 1065 3320 et
1078 3255 1190 3322 mellis.
1237 3257 1427 3321 Resistentia
1448 3279 1519 3344 quar
1534 3281 1606 3323 seu-

313 3366 520 3447 tituriuaiire,
540 3391 631 3456 aqua,
653 3367 861 3456 hydrargyro,
885 3377 917 3432 et
937 3365 1118 3451 hujusmodi
1140 3365 1243 3430 fluidis
1267 3385 1332 3430 non
1354 3366 1514 3430 tenacibus
1540 3367 1606 3433 ferd

311 3490 377 3544 tota
396 3493 441 3544 est
455 3477 568 3562 prioris
583 3476 725 3564 generis3
751 3487 784 3540 et
796 3471 896 3538 minui
910 3495 975 3539 non
989 3486 1094 3559 potest
1106 3495 1163 3558 per
1184 3473 1365 3540 ulteriorem
1387 3493 1605 3560 quemcunque

311 3584 445 3672 gradum
468 3583 655 3660 subtilitatis,
677 3592 825 3646 maueme
843 3579 933 3646 fluidi
951 3580 1105 3645 densitate
1126 3579 1176 3644 vel
1199 3581 1230 3644 vi
1252 3580 1383 3658 inertiae,
1406 3581 1457 3645 cui
1478 3600 1605 3666 semper

311 3690 553 3777 proportionalis
575 3703 621 3756 est
634 3689 704 3754 hac
726 3688 918 3766 resistentiat
941 3687 1206 3784 quemadmodum
1221 3688 1391 3754 clarissime
1410 3690 1606 3756 demonstra·

312 3814 380 3863 tum
394 3811 441 3862 est
455 3797 495 3862 ab
509 3810 637 3864 auctore
651 3809 760 3863 neruo
774 3796 806 3860 in
817 3797 1003 3885 peregregiis
1016 3797 1262 3862 resistentiarum
1277 3796 1409 3876 theuris,
1422 3821 1495 3886 qnoe
1509 3799 1606 3886 paulo

313 3929 397 3974 nuuc
418 3904 593 3975 ammanus
607 3907 785 3992 exponitru,
800 3903 861 3970 hac
875 3904 1013 3970 secundi
1035 3906 1112 3984 vioe,
1124 3918 1157 3970 et
1175 3927 1233 3991 per
1253 3907 1470 3992 experimenta
1492 3929 1606 3994 corpo-

314 4039 386 4082 rum
401 4013 580 4085 cadentium
594 4012 719 4100 plenids
741 4012 954 4078 confirmatur.

359 4127 503 4211 Corpora
515 4121 748 4212 progrediendo
761 4135 882 4188 motum
896 4145 988 4188 suum
1002 4123 1102 4188 fluido
1123 4123 1271 4188 ambienti
1293 4124 1443 4209 paulatim
1465 4147 1605 4190 commu-

314 4236 430 4313 nicant,
453 4248 486 4300 et
508 4229 769 4300 communicando
792 4231 948 4309 amittunt,
969 4230 1143 4296 amittendo
1168 4243 1273 4297 autem
1293 4231 1501 4296 retardantur.
1547 4233 1608 4298 Eat

315 4340 419 4426 itaque
433 4341 602 4408 retardatio
616 4339 718 4404 motui
730 4339 961 4404 oonrnnieato
975 4337 1235 4422 proportionalis3
1257 4349 1362 4402 motus
1376 4361 1451 4402 vero
1466 4361 1605 4404 commu·

316 4448 446 4525 tricatus,
462 4449 516 4513 ubi
531 4449 624 4514 datur
646 4445 786 4531 corporis
807 4444 1037 4533 progredientis
1051 4445 1209 4524 velocitas,
1226 4457 1323 4522 estut
1341 4446 1430 4512 fluidi
1449 4447 1586 4512 densitas
1595 4471 1605 4526 ς

317 4577 394 4644 ergo
411 4554 581 4620 retardatio
596 4577 652 4622 seu
665 4553 840 4622 resistentia
862 4554 921 4619 erit
941 4566 978 4618 ut
998 4553 1107 4620 eadem
1128 4553 1219 4620 fluidi
1239 4554 1394 4633 densitas3
1416 4577 1518 4643 neque
1540 4553 1608 4620 ullo

318 4673 412 4747 paeto
426 4661 494 4726 tolli
507 4672 622 4746 potest,
637 4661 697 4731 nisi
710 4659 843 4728 alluido
858 4661 899 4728 ad
920 4672 1026 4748 prutes
1039 4661 1180 4746 corporis
1195 4662 1330 4746 posticas
1354 4673 1534 4730 recurrente
1556 4683 1608 4728 re-
