3554 5832
334 561 397 620 tlt
634 541 974 615 PHILOSOPHIAE
998 535 1271 608 NATURALIS
1328 531 1445 614 [Mur.
1461 527 1616 598 Coum

809 1049 994 1128 SECTIO
1020 1041 1127 1122 XIV.

334 1295 393 1366 De
408 1301 502 1364 rnatu
516 1307 697 1388 carporum
712 1282 936 1366 minimorum,
954 1300 1030 1375 qna
1044 1275 1175 1348 uirilius
1189 1269 1383 1366 centripetit
1399 1271 1448 1340 ad
1461 1267 1616 1362 singulae

468 1405 585 1501 magni
595 1401 744 1497 alternas
758 1398 915 1494 carparis
925 1403 1045 1492 partas
1062 1389 1269 1464 tendentibtu
1285 1387 1472 1482 agitantur.
1723 1403 1726 1408 ·

505 1707 787 1784 PROPOSITIO
810 1703 935 1776 XCIV.
980 1695 1252 1766 THEOREMA
1275 1689 1437 1758 XLVIII.

332 1915 368 1980 Si
381 1913 477 1977 media
490 1911 549 1974 duo
562 1906 721 1982 similariz,
736 1901 834 1986 spatia
850 1895 956 1982 planis
972 1892 1131 1978 parallelis
1154 1889 1292 1972 utrinque
1315 1885 1482 1962 terminato,
1506 1883 1615 1946 diuin-

371 2027 504 2104 girantur
517 2016 555 2080 ab
569 2013 700 2090 inuicem,
715 2019 744 2076 d
757 2027 861 2092 capus
884 2005 918 2068 ln
942 2001 1072 2064 tranuitn
1087 1997 1208 2080 perlae
1227 1993 1355 2078 spatium
1373 1989 1546 2054 attrahatur
1568 1989 1616 2051 uel

376 2127 545 2209 impellatur
552 2117 840 2204 pnpmdiculatiter
852 2129 950 2176 verm
962 2108 1085 2172 medinm
1099 2106 1281 2179 attamen,
1304 2119 1394 2182 neque
1411 2094 1475 2162 uttt
1495 2094 1562 2160 alit
1583 2097 1615 2161 α’

376 2235 505 2317 agitetur
519 2231 564 2294 uel
578 2227 777 2310 impediatnm
805 2222 845 2286 sit
857 2227 953 2282 autem
967 2214 1117 2288 attractio,
1129 2213 1162 2274 in
1172 2207 1379 2292 aqualibnsab
1388 2214 1510 2287 utraque
1517 2205 1614 2286 plata

376 2341 528 2404 distantiis
541 2339 584 2402 ad
597 2335 716 2400 eandem
731 2330 822 2412 ipsius
830 2333 949 2409 partam
963 2319 1067 2402 captis,
1082 2317 1187 2400 ulique
1200 2315 1320 2378 eaden.-
1350 2313 1416 2374 dica
1437 2311 1515 2394 quad
1534 2309 1615 2372 sinin

377 2449 545 2515 incidentia
559 2447 591 2508 in
600 2445 726 2526 planum
740 2441 913 2501 autumnum
927 2431 985 2494 nit
997 2428 1041 2491 ad
1049 2427 1143 2490 sinuum
1153 2422 1336 2506 emergentia
1349 2441 1386 2484 eu
1402 2419 1499 2502 plano
1520 2419 1616 2480 aum
1704 2430 1708 2439 ·

376 2561 408 2622 in
423 2555 540 2619 ratione
553 2549 636 2615 dant.

378 2753 445 2819 Cas.
464 2761 492 2814 1.
517 2751 617 2814 Sunto
632 2743 702 2820 Aa,
720 2739 781 2806 Bb
795 2735 889 2822 plana
902 2732 966 2796 duo
980 2723 1140 2815 purallela.
1178 2719 1301 2786 Incidet
1315 2741 1428 2804 eorpus
1442 2719 1475 2781 in
1488 2716 1616 2801 planum

334 2859 419 2945 prius
435 2857 466 2920 A
481 2879 501 2919 a
515 2853 553 2940 (ὰ)
570 2849 740 2916 secundum
755 2845 868 2908 lineam
884 2838 917 2904 G
933 2837 980 2914 H,
996 2855 1033 2898 uc
1043 2841 1111 2897 toto
1123 2849 1180 2893 suo
1189 2849 1248 2912 per
1256 2827 1388 2912 spatium
1399 2823 1617 2889 intermedium

332 2964 462 3030 trunsstu
487 2961 658 3026 attrahatur
679 2955 728 3020 vel
745 2949 921 3036 impellatur
934 2962 1040 3007 versus

332 3075 470 3140 medium
484 3070 668 3146 incidentiae,
682 3067 779 3152 etque
793 3063 914 3128 actione
924 3055 1040 3122 deecm'·
1091 3113 1134 3180 A

331 3183 386 3248 but
407 3179 520 3242 liueam
541 3197 666 3240 curvam
682 3173 719 3238 H
734 3173 762 3249 1,
788 3170 825 3257 (θ)
847 3181 880 3230 et
902 3174 1041 3251 emergat

332 3289 502 3355 secundum
510 3287 624 3350 lineam
635 3284 653 3349 I
666 3284 707 3348 K.
739 3281 791 3346 Ad
801 3281 929 3366 planum
941 3297 1041 3341 emer·

332 3397 446 3486 gentiae
461 3393 490 3459 B
503 3393 525 3457 b
540 3393 677 3480 erigatur
690 3387 945 3475 perpendiculum
959 3383 976 3448 Ι
990 3383 1041 3461 Μ,

333 3524 499 3569 occurrens
527 3515 595 3566 tum
619 3499 710 3563 lineae
738 3495 913 3561 incidentiae
943 3493 976 3560 G
1004 3491 1042 3556 H

333 3609 494 3694 productae
518 3608 552 3671 in
578 3605 627 3684 M,
652 3618 719 3670 tum
747 3603 842 3689 plano
866 3599 1042 3666 Incidentioe
1090 3597 1121 3666 B

337 3715 369 3776 A
381 3736 401 3777 u
414 3714 446 3776 in
464 3714 512 3788 R3
534 3725 566 3776 et
579 3713 660 3776 linea
674 3709 873 3798 emergentiae
889 3708 921 3771 K
938 3707 1042 3790 Ipro-

335 3823 428 3886 ducta
450 3831 592 3885 occurrat
616 3819 653 3883 H
671 3819 711 3883 M
735 3819 768 3880 in
795 3817 833 3882 L.
880 3814 1042 3880 CentmL

308 3995 312 4004 ,
334 3929 496 3994 intervallo
509 3927 538 3995 L
550 3928 566 3992 I
578 3925 770 3991 describatur
781 3926 922 4004 circulus,
936 3947 1043 3996 secu-us

334 4052 397 4102 tum
415 4037 452 4102 H
468 4037 507 4102 M
522 4037 555 4099 in
571 4035 598 4100 P
614 4047 645 4099 et
660 4033 702 4111 Q,
718 4056 812 4119 quam
828 4035 867 4099 M
883 4035 899 4099 I
913 4033 1098 4118 productam
1120 4033 1220 4110 iuN3
1244 4047 1275 4099 et
1297 4031 1400 4118 primu
1425 4032 1451 4096 si
1474 4029 1618 4096 attractio

332 4145 381 4210 vel
397 4143 547 4228 impulsus
562 4155 696 4227 ponetur
717 4139 889 4218 uniformis,
913 4142 972 4207 erit
995 4147 1050 4227 (ex
1065 4142 1282 4208 demonstretis
1297 4141 1434 4222 Guliloei)
1462 4137 1496 4225 (f)
1523 4161 1619 4204 curru

320 4291 325 4342 l

321 4353 324 4377 ⁶
367 4373 836 4446 (une-smmmummem
873 4373 957 4436 Angu-
989 4367 1618 4433 mearumpimumergmunnupapm.

335 4447 373 4494 lus
383 4443 514 4492 Incidentiae
524 4443 562 4489 hit
572 4441 657 4488 dicitur
667 4439 863 4500 complementum
877 4436 959 4500 anguli
989 4434 1087 4484 ‹lleultui
1097 4435 1122 4481 ln
1134 4434 1154 4480 I.

338 4512 361 4558 G
380 4508 407 4556 H
426 4508 448 4556 Δ
468 4505 499 4554 ad
516 4513 614 4562 rectum,
634 4519 675 4552 seu
692 4503 793 4566 ungulus
810 4515 880 4564 quem
899 4500 960 4547 lium
1023 4499 1059 4562 (‘)
1077 4502 1090 4530 ⁸
1109 4501 1142 4547 Et
1158 4508 1257 4560 magu
1274 4500 1403 4546 nennium
1419 4498 1510 4544 unm
1547 4494 1619 4542 Putet
1755 4493 1756 4496 ’

338 4575 360 4622 G
375 4573 402 4620 H
413 4569 533 4618 constituit
545 4583 599 4616 eum
608 4567 670 4614 recti
681 4567 711 4614 ud
721 4567 817 4627 plenum
827 4563 959 4611 Incidentioe
989 4572 1063 4610 reum
1075 4561 1098 4610 G
1112 4563 1147 4619 Il,
1162 4560 1175 4609 1
1189 4561 1214 4609 x
1230 4575 1272 4608 eeu
1287 4563 1389 4620 eorporls
1404 4559 1429 4605 iu
1443 4559 1468 4606 Η
1480 4567 1504 4604 et
1516 4556 1529 4603 I
1541 4557 1618 4604 dirue·

337 4639 361 4684 A
379 4651 393 4683 a
409 4631 628 4710 perpendiculuriter
645 4631 719 4678 erecti
738 4631 762 4676 In
776 4630 810 4677 H.
847 4627 959 4704 Anguluu
989 4627 1069 4682 iones,
1081 4639 1177 4673 curvum
1189 4625 1216 4672 II
1228 4624 1240 4672 1
1253 4623 1277 4669 In
1287 4624 1380 4684 punctis
1391 4623 1426 4680 II,
1445 4620 1615 4683 huntingun.

267 4729 271 4740 '
335 4690 960 4822 ttttttttttssttttttliltffittfflt
992 4690 1055 4812 11‘2‘?
1062 4689 1398 4818 mititttffl’
1417 4685 1473 4749 ‘⁰³¹⁸
1474 4701 1486 4734 ⁸
1504 4685 1618 4734 ‘m‘
