<?xml version="1.0" encoding="UTF-8"?>
<!DOCTYPE html PUBLIC "-//W3C//DTD XHTML 1.0 Transitional//EN"
    "http://www.w3.org/TR/xhtml1/DTD/xhtml1-transitional.dtd">
<html xmlns="http://www.w3.org/1999/xhtml" xml:lang="en" lang="en">
 <head>
  <title>
</title>
<meta http-equiv="Content-Type" content="text/html;charset=utf-8" />
  <meta name='ocr-system' content='tesseract 3.04.00' />
  <meta name='ocr-capabilities' content='ocr_page ocr_carea ocr_par ocr_line ocrx_word'/>
</head>
<body>
  <div class='ocr_page' id='page_1' title='image "./philosophinatur00wriggoog_0027.png"; bbox 0 0 3580 5866; ppageno 0'>
   <div class='ocr_carea' id='block_1_1' title="bbox 301 523 1066 594">
    <p class='ocr_par' dir='ltr' id='par_1_1' title="bbox 301 523 1066 594">
     <span class='ocr_line' id='line_1_1' title="bbox 301 523 1066 594; baseline 0.008 -6"><span class='ocrx_word' id='word_1_1' title='bbox 301 523 370 588; x_wconf 82' lang='lat' dir='ltr'><strong>xxii</strong></span> <span class='ocrx_word' id='word_1_2' title='bbox 840 527 1066 594; x_wconf 83' lang='lat' dir='ltr'><strong>EDlTORlS</strong></span> 
     </span>
    </p>
   </div>
   <div class='ocr_carea' id='block_1_2' title="bbox 213 689 1590 4694">
    <p class='ocr_par' dir='ltr' id='par_1_2' title="bbox 213 689 1590 1210">
     <span class='ocr_line' id='line_1_2' title="bbox 213 689 1590 798; baseline 0.012 -44"><span class='ocrx_word' id='word_1_3' title='bbox 213 767 219 780; x_wconf 41' lang='grc'><strong>,</strong></span> <span class='ocrx_word' id='word_1_4' title='bbox 300 691 351 756; x_wconf 88' lang='lat' dir='ltr'><strong>vel</strong></span> <span class='ocrx_word' id='word_1_5' title='bbox 365 689 500 756; x_wconf 73' lang='lat' dir='ltr'><strong>maxime</strong></span> <span class='ocrx_word' id='word_1_6' title='bbox 515 693 767 759; x_wconf 88' lang='lat' dir='ltr'><strong>concesserimus.</strong></span> <span class='ocrx_word' id='word_1_7' title='bbox 813 696 887 760; x_wconf 89' lang='lat' dir='ltr'><strong>Non</strong></span> <span class='ocrx_word' id='word_1_8' title='bbox 902 709 1007 764; x_wconf 83' lang='lat' dir='ltr'><strong>autern</strong></span> <span class='ocrx_word' id='word_1_9' title='bbox 1021 697 1237 798; x_wconf 79' lang='lat' dir='ltr'><strong>concedimus·</strong></span> <span class='ocrx_word' id='word_1_10' title='bbox 1260 714 1422 789; x_wconf 89' lang='lat' dir='ltr'><strong>nequeunt</strong></span> <span class='ocrx_word' id='word_1_11' title='bbox 1435 703 1520 770; x_wconf 89' lang='lat' dir='ltr'><strong>enim</strong></span> <span class='ocrx_word' id='word_1_12' title='bbox 1535 704 1590 771; x_wconf 92' lang='lat' dir='ltr'><strong>illo</strong></span> 
     </span>
     <span class='ocr_line' id='line_1_3' title="bbox 300 797 1590 892; baseline 0.011 -27"><span class='ocrx_word' id='word_1_13' title='bbox 300 813 394 884; x_wconf 84' lang='lat' dir='ltr'><strong>pacto</strong></span> <span class='ocrx_word' id='word_1_14' title='bbox 406 797 616 884; x_wconf 82' lang='lat' dir='ltr'><strong>pbaenomena</strong></span> <span class='ocrx_word' id='word_1_15' title='bbox 628 823 687 886; x_wconf 92' lang='lat' dir='ltr'><strong>per</strong></span> <span class='ocrx_word' id='word_1_16' title='bbox 701 801 833 868; x_wconf 85' lang='lat' dir='ltr'><strong>vortices</strong></span> <span class='ocrx_word' id='word_1_17' title='bbox 848 803 1016 889; x_wconf 81' lang='lat' dir='ltr'><strong>explicari3</strong></span> <span class='ocrx_word' id='word_1_18' title='bbox 1039 805 1125 892; x_wconf 92' lang='lat' dir='ltr'><strong>quod</strong></span> <span class='ocrx_word' id='word_1_19' title='bbox 1139 808 1180 872; x_wconf 84' lang='lat' dir='ltr'><strong>ab</strong></span> <span class='ocrx_word' id='word_1_20' title='bbox 1199 819 1326 874; x_wconf 64' lang='lat' dir='ltr'><strong>sudore</strong></span> <span class='ocrx_word' id='word_1_21' title='bbox 1340 822 1450 876; x_wconf 90' lang='lat' dir='ltr'><strong>nostro</strong></span> <span class='ocrx_word' id='word_1_22' title='bbox 1464 813 1590 880; x_wconf 76' lang='lat' dir='ltr'><strong>abunde</strong></span> 
     </span>
     <span class='ocr_line' id='line_1_4' title="bbox 300 905 1589 1004; baseline 0.012 -35"><span class='ocrx_word' id='word_1_23' title='bbox 300 905 427 992; x_wconf 83' lang='lat' dir='ltr'><strong>qru&#39;dern</strong></span> <span class='ocrx_word' id='word_1_24' title='bbox 447 919 479 972; x_wconf 91' lang='lat' dir='ltr'><strong>et</strong></span> <span class='ocrx_word' id='word_1_25' title='bbox 497 906 677 974; x_wconf 85' lang='lat' dir='ltr'><strong>clarissimis</strong></span> <span class='ocrx_word' id='word_1_26' title='bbox 699 908 874 976; x_wconf 86' lang='lat' dir='ltr'><strong>rationibus</strong></span> <span class='ocrx_word' id='word_1_27' title='bbox 893 910 1065 990; x_wconf 78' lang='lat' dir='ltr'><strong>evincittu3</strong></span> <span class='ocrx_word' id='word_1_28' title='bbox 1089 925 1125 978; x_wconf 91' lang='lat' dir='ltr'><strong>ut</strong></span> <span class='ocrx_word' id='word_1_29' title='bbox 1145 915 1263 980; x_wconf 86' lang='lat' dir='ltr'><strong>somnis</strong></span> <span class='ocrx_word' id='word_1_30' title='bbox 1283 914 1356 1002; x_wconf 81' lang='lat' dir='ltr'><strong>plris</strong></span> <span class='ocrx_word' id='word_1_31' title='bbox 1377 917 1471 1004; x_wconf 81' lang='lat' dir='ltr'><strong>aequb</strong></span> <span class='ocrx_word' id='word_1_32' title='bbox 1485 920 1589 986; x_wconf 90' lang='lat' dir='ltr'><strong>indul·</strong></span> 
     </span>
     <span class='ocr_line' id='line_1_5' title="bbox 299 1015 1589 1114; baseline 0.012 -35"><span class='ocrx_word' id='word_1_33' title='bbox 299 1025 394 1102; x_wconf 85' lang='lat' dir='ltr'><strong>geant</strong></span> <span class='ocrx_word' id='word_1_34' title='bbox 418 1025 572 1098; x_wconf 71' lang='lat' dir='ltr'><strong>oporteat,</strong></span> <span class='ocrx_word' id='word_1_35' title='bbox 599 1015 654 1101; x_wconf 88' lang='lat' dir='ltr'><strong>qui</strong></span> <span class='ocrx_word' id='word_1_36' title='bbox 677 1015 872 1101; x_wconf 89' lang='lat' dir='ltr'><strong>ineptissimo</strong></span> <span class='ocrx_word' id='word_1_37' title='bbox 897 1017 1050 1106; x_wconf 85' lang='lat' dir='ltr'><strong>figmento</strong></span> <span class='ocrx_word' id='word_1_38' title='bbox 1075 1021 1284 1102; x_wconf 77' lang='lat' dir='ltr'><strong>resarciendo,</strong></span> <span class='ocrx_word' id='word_1_39' title='bbox 1314 1025 1464 1114; x_wconf 89' lang='lat' dir='ltr'><strong>novisque</strong></span> <span class='ocrx_word' id='word_1_40' title='bbox 1492 1029 1589 1114; x_wconf 83' lang='lat' dir='ltr'><strong>porrd</strong></span> 
     </span>
     <span class='ocr_line' id='line_1_6' title="bbox 234 1119 1130 1210; baseline 0.01 -25"><span class='ocrx_word' id='word_1_41' title='bbox 234 1147 236 1154; x_wconf 64' lang='grc'><em>’</em></span> <span class='ocrx_word' id='word_1_42' title='bbox 299 1119 482 1186; x_wconf 87' lang='lat' dir='ltr'><strong>commentis</strong></span> <span class='ocrx_word' id='word_1_43' title='bbox 497 1120 639 1185; x_wconf 89' lang='lat' dir='ltr'><strong>ornando</strong></span> <span class='ocrx_word' id='word_1_44' title='bbox 650 1121 805 1189; x_wconf 84' lang='lat' dir='ltr'><strong>infelicem</strong></span> <span class='ocrx_word' id='word_1_45' title='bbox 819 1145 949 1210; x_wconf 88' lang='lat' dir='ltr'><strong>operam</strong></span> <span class='ocrx_word' id='word_1_46' title='bbox 970 1125 1130 1196; x_wconf 88' lang='lat' dir='ltr'><strong>addicunt.</strong></span> 
     </span>
    </p>

    <p class='ocr_par' dir='ltr' id='par_1_3' title="bbox 216 1228 1590 2732">
     <span class='ocr_line' id='line_1_7' title="bbox 345 1228 1589 1327; baseline 0.01 -33"><span class='ocrx_word' id='word_1_47' title='bbox 345 1228 379 1294; x_wconf 93' lang='lat' dir='ltr'><strong>Si</strong></span> <span class='ocrx_word' id='word_1_48' title='bbox 390 1249 523 1313; x_wconf 87' lang='lat' dir='ltr'><strong>corpora</strong></span> <span class='ocrx_word' id='word_1_49' title='bbox 536 1229 733 1327; x_wconf 82' lang='lat' dir='ltr'><strong>planetarum</strong></span> <span class='ocrx_word' id='word_1_50' title='bbox 748 1245 780 1297; x_wconf 90' lang='lat' dir='ltr'><strong>et</strong></span> <span class='ocrx_word' id='word_1_51' title='bbox 794 1245 988 1298; x_wconf 86' lang='lat' dir='ltr'><strong>cometarum</strong></span> <span class='ocrx_word' id='word_1_52' title='bbox 1002 1234 1086 1300; x_wconf 87' lang='lat' dir='ltr'><strong>circa</strong></span> <span class='ocrx_word' id='word_1_53' title='bbox 1099 1234 1198 1300; x_wconf 88' lang='lat' dir='ltr'><strong>solem</strong></span> <span class='ocrx_word' id='word_1_54' title='bbox 1219 1236 1400 1304; x_wconf 83' lang='lat' dir='ltr'><strong>deferantur</strong></span> <span class='ocrx_word' id='word_1_55' title='bbox 1422 1265 1442 1306; x_wconf 89' lang='lat' dir='ltr'><strong>a</strong></span> <span class='ocrx_word' id='word_1_56' title='bbox 1464 1242 1589 1308; x_wconf 89' lang='lat' dir='ltr'><strong>vortici-</strong></span> 
     </span>
     <span class='ocr_line' id='line_1_8' title="bbox 298 1341 1588 1428; baseline 0.009 -24"><span class='ocrx_word' id='word_1_57' title='bbox 298 1341 375 1416; x_wconf 84' lang='lat' dir='ltr'><strong>bus3</strong></span> <span class='ocrx_word' id='word_1_58' title='bbox 398 1353 521 1426; x_wconf 83' lang='lat' dir='ltr'><strong>oportet</strong></span> <span class='ocrx_word' id='word_1_59' title='bbox 534 1363 668 1427; x_wconf 87' lang='lat' dir='ltr'><strong>corpora</strong></span> <span class='ocrx_word' id='word_1_60' title='bbox 681 1341 785 1408; x_wconf 84' lang='lat' dir='ltr'><strong>delata</strong></span> <span class='ocrx_word' id='word_1_61' title='bbox 799 1357 831 1408; x_wconf 92' lang='lat' dir='ltr'><strong>et</strong></span> <span class='ocrx_word' id='word_1_62' title='bbox 845 1345 999 1409; x_wconf 74' lang='lat' dir='ltr'><strong>vorticum</strong></span> <span class='ocrx_word' id='word_1_63' title='bbox 1013 1355 1118 1428; x_wconf 91' lang='lat' dir='ltr'><strong>partes</strong></span> <span class='ocrx_word' id='word_1_64' title='bbox 1132 1345 1277 1428; x_wconf 73' lang='lat' dir='ltr'><strong>proxima</strong></span> <span class='ocrx_word' id='word_1_65' title='bbox 1294 1348 1464 1414; x_wconf 74' lang='lat' dir='ltr'><strong>ambientes</strong></span> <span class='ocrx_word' id='word_1_66' title='bbox 1478 1351 1588 1416; x_wconf 88' lang='lat' dir='ltr'><strong>eadem</strong></span> 
     </span>
     <span class='ocr_line' id='line_1_9' title="bbox 297 1447 1588 1536; baseline 0.008 -24"><span class='ocrx_word' id='word_1_67' title='bbox 297 1448 461 1514; x_wconf 90' lang='lat' dir='ltr'><strong>velocitate</strong></span> <span class='ocrx_word' id='word_1_68' title='bbox 470 1447 644 1536; x_wconf 86' lang='lat' dir='ltr'><strong>eademque</strong></span> <span class='ocrx_word' id='word_1_69' title='bbox 658 1450 769 1516; x_wconf 83' lang='lat' dir='ltr'><strong>cursirs</strong></span> <span class='ocrx_word' id='word_1_70' title='bbox 780 1450 1040 1518; x_wconf 76' lang='lat' dir='ltr'>determinatione</span> <span class='ocrx_word' id='word_1_71' title='bbox 1053 1453 1184 1530; x_wconf 89' lang='lat' dir='ltr'><strong>moveri,</strong></span> <span class='ocrx_word' id='word_1_72' title='bbox 1200 1464 1232 1517; x_wconf 78' lang='lat' dir='ltr'><strong>et</strong></span> <span class='ocrx_word' id='word_1_73' title='bbox 1242 1453 1375 1519; x_wconf 87' lang='lat' dir='ltr'><strong>eandem</strong></span> <span class='ocrx_word' id='word_1_74' title='bbox 1385 1455 1502 1521; x_wconf 91' lang='lat' dir='ltr'><strong>habere</strong></span> <span class='ocrx_word' id='word_1_75' title='bbox 1510 1459 1588 1522; x_wconf 87' lang='lat' dir='ltr'><strong>den-</strong></span> 
     </span>
     <span class='ocr_line' id='line_1_10' title="bbox 296 1557 1589 1651; baseline 0.008 -29"><span class='ocrx_word' id='word_1_76' title='bbox 296 1557 419 1622; x_wconf 84' lang='lat' dir='ltr'><strong>sitatem</strong></span> <span class='ocrx_word' id='word_1_77' title='bbox 434 1558 484 1621; x_wconf 93' lang='lat' dir='ltr'><strong>vel</strong></span> <span class='ocrx_word' id='word_1_78' title='bbox 503 1558 637 1623; x_wconf 87' lang='lat' dir='ltr'><strong>eandem</strong></span> <span class='ocrx_word' id='word_1_79' title='bbox 651 1560 715 1624; x_wconf 88' lang='lat' dir='ltr'><strong>vim</strong></span> <span class='ocrx_word' id='word_1_80' title='bbox 726 1561 848 1626; x_wconf 79' lang='lat' dir='ltr'><strong>inertiae</strong></span> <span class='ocrx_word' id='word_1_81' title='bbox 869 1583 930 1646; x_wconf 91' lang='lat' dir='ltr'><strong>pro</strong></span> <span class='ocrx_word' id='word_1_82' title='bbox 952 1561 1035 1628; x_wconf 87' lang='lat' dir='ltr'><strong>mole</strong></span> <span class='ocrx_word' id='word_1_83' title='bbox 1050 1562 1199 1628; x_wconf 79' lang='lat' dir='ltr'><strong>materiae</strong></span> <span class='ocrx_word' id='word_1_84' title='bbox 1245 1562 1377 1629; x_wconf 79' lang='lat' dir='ltr'><strong>Constat</strong></span> <span class='ocrx_word' id='word_1_85' title='bbox 1391 1565 1467 1630; x_wconf 83' lang='lat' dir='ltr'><strong>verb</strong></span> <span class='ocrx_word' id='word_1_86' title='bbox 1480 1567 1589 1651; x_wconf 90' lang='lat' dir='ltr'><strong>plane-</strong></span> 
     </span>
     <span class='ocr_line' id='line_1_11' title="bbox 296 1661 1590 1756; baseline 0.009 -30"><span class='ocrx_word' id='word_1_87' title='bbox 296 1675 344 1726; x_wconf 91' lang='lat' dir='ltr'><strong>tas</strong></span> <span class='ocrx_word' id='word_1_88' title='bbox 359 1674 391 1726; x_wconf 90' lang='lat' dir='ltr'><strong>et</strong></span> <span class='ocrx_word' id='word_1_89' title='bbox 405 1675 556 1741; x_wconf 87' lang='lat' dir='ltr'><strong>cometas,</strong></span> <span class='ocrx_word' id='word_1_90' title='bbox 578 1661 655 1730; x_wconf 82' lang='lat' dir='ltr'><strong>dtim</strong></span> <span class='ocrx_word' id='word_1_91' title='bbox 670 1679 835 1732; x_wconf 79' lang='lat' dir='ltr'><strong>versantur</strong></span> <span class='ocrx_word' id='word_1_92' title='bbox 849 1669 882 1732; x_wconf 93' lang='lat' dir='ltr'><strong>in</strong></span> <span class='ocrx_word' id='word_1_93' title='bbox 899 1667 1011 1732; x_wconf 89' lang='lat' dir='ltr'><strong>iisdem</strong></span> <span class='ocrx_word' id='word_1_94' title='bbox 1031 1668 1212 1756; x_wconf 87' lang='lat' dir='ltr'><strong>regionibus</strong></span> <span class='ocrx_word' id='word_1_95' title='bbox 1235 1669 1396 1748; x_wconf 74' lang='lat' dir='ltr'><strong>oculorum,</strong></span> <span class='ocrx_word' id='word_1_96' title='bbox 1417 1672 1590 1738; x_wconf 86' lang='lat' dir='ltr'><strong>velocitati·</strong></span> 
     </span>
     <span class='ocr_line' id='line_1_12' title="bbox 294 1773 1589 1870; baseline 0.01 -35"><span class='ocrx_word' id='word_1_97' title='bbox 294 1773 355 1836; x_wconf 90' lang='lat' dir='ltr'><strong>bus</strong></span> <span class='ocrx_word' id='word_1_98' title='bbox 379 1773 475 1838; x_wconf 88' lang='lat' dir='ltr'><strong>variis</strong></span> <span class='ocrx_word' id='word_1_99' title='bbox 502 1775 651 1864; x_wconf 73' lang='lat' dir='ltr'><strong>variique</strong></span> <span class='ocrx_word' id='word_1_100' title='bbox 676 1776 787 1842; x_wconf 71' lang='lat' dir='ltr'><strong>cursus</strong></span> <span class='ocrx_word' id='word_1_101' title='bbox 810 1777 1070 1854; x_wconf 79' lang='lat' dir='ltr'><strong>determinatione</strong></span> <span class='ocrx_word' id='word_1_102' title='bbox 1096 1778 1226 1844; x_wconf 84' lang='lat' dir='ltr'><strong>moveri.</strong></span> <span class='ocrx_word' id='word_1_103' title='bbox 1272 1778 1458 1844; x_wconf 82' lang='lat' dir='ltr'><strong>Necessarib</strong></span> <span class='ocrx_word' id='word_1_104' title='bbox 1483 1781 1589 1870; x_wconf 90' lang='lat' dir='ltr'><strong>itaque</strong></span> 
     </span>
     <span class='ocr_line' id='line_1_13' title="bbox 294 1881 1588 1971; baseline 0.008 -27"><span class='ocrx_word' id='word_1_105' title='bbox 294 1881 446 1966; x_wconf 89' lang='lat' dir='ltr'><strong>sequitur,</strong></span> <span class='ocrx_word' id='word_1_106' title='bbox 470 1895 506 1946; x_wconf 91' lang='lat' dir='ltr'><strong>ut</strong></span> <span class='ocrx_word' id='word_1_107' title='bbox 525 1882 615 1947; x_wconf 88' lang='lat' dir='ltr'><strong>fluidi</strong></span> <span class='ocrx_word' id='word_1_108' title='bbox 630 1883 765 1950; x_wconf 83' lang='lat' dir='ltr'><strong>coelestis</strong></span> <span class='ocrx_word' id='word_1_109' title='bbox 786 1895 892 1970; x_wconf 85' lang='lat' dir='ltr'><strong>partes</strong></span> <span class='ocrx_word' id='word_1_110' title='bbox 907 1883 981 1963; x_wconf 74' lang='lat' dir='ltr'><strong>illae,</strong></span> <span class='ocrx_word' id='word_1_111' title='bbox 1004 1905 1077 1971; x_wconf 78' lang='lat' dir='ltr'><strong>quae</strong></span> <span class='ocrx_word' id='word_1_112' title='bbox 1098 1884 1232 1950; x_wconf 88' lang='lat' dir='ltr'><strong>suntad</strong></span> <span class='ocrx_word' id='word_1_113' title='bbox 1253 1885 1379 1950; x_wconf 82' lang='lat' dir='ltr'><strong>easdem</strong></span> <span class='ocrx_word' id='word_1_114' title='bbox 1393 1885 1588 1954; x_wconf 87' lang='lat' dir='ltr'><strong>distantiasa</strong></span> 
     </span>
     <span class='ocr_line' id='line_1_14' title="bbox 216 1985 1588 2080; baseline 0.008 -31"><span class='ocrx_word' id='word_1_115' title='bbox 216 2041 221 2044; x_wconf 97' lang='lat'>.</span> <span class='ocrx_word' id='word_1_116' title='bbox 293 1985 369 2066; x_wconf 88' lang='lat' dir='ltr'><strong>sole,</strong></span> <span class='ocrx_word' id='word_1_117' title='bbox 386 1987 590 2056; x_wconf 89' lang='lat' dir='ltr'><strong>revolvantur</strong></span> <span class='ocrx_word' id='word_1_118' title='bbox 604 1991 717 2058; x_wconf 89' lang='lat' dir='ltr'><strong>eodem</strong></span> <span class='ocrx_word' id='word_1_119' title='bbox 732 2004 875 2076; x_wconf 88' lang='lat' dir='ltr'><strong>tempore</strong></span> <span class='ocrx_word' id='word_1_120' title='bbox 887 1991 921 2054; x_wconf 91' lang='lat' dir='ltr'><strong>in</strong></span> <span class='ocrx_word' id='word_1_121' title='bbox 934 1991 1045 2080; x_wconf 83' lang='lat' dir='ltr'><strong>plegae</strong></span> <span class='ocrx_word' id='word_1_122' title='bbox 1059 1991 1198 2056; x_wconf 87' lang='lat' dir='ltr'><strong>diversas</strong></span> <span class='ocrx_word' id='word_1_123' title='bbox 1213 2013 1284 2056; x_wconf 82' lang='lat' dir='ltr'><strong>cunr</strong></span> <span class='ocrx_word' id='word_1_124' title='bbox 1296 1991 1426 2056; x_wconf 86' lang='lat' dir='ltr'><strong>diversis</strong></span> <span class='ocrx_word' id='word_1_125' title='bbox 1440 1993 1588 2060; x_wconf 85' lang='lat' dir='ltr'><strong>velocita-</strong></span> 
     </span>
     <span class='ocr_line' id='line_1_15' title="bbox 292 2096 1588 2192; baseline 0.006 -30"><span class='ocrx_word' id='word_1_126' title='bbox 292 2096 396 2162; x_wconf 88' lang='lat' dir='ltr'><strong>tibus:</strong></span> <span class='ocrx_word' id='word_1_127' title='bbox 420 2098 536 2192; x_wconf 79' lang='lat' dir='ltr'><strong>etenim</strong></span> <span class='ocrx_word' id='word_1_128' title='bbox 556 2097 713 2186; x_wconf 77' lang='lat' dir='ltr'><strong>alitiopus</strong></span> <span class='ocrx_word' id='word_1_129' title='bbox 735 2101 795 2166; x_wconf 90' lang='lat' dir='ltr'><strong>erit</strong></span> <span class='ocrx_word' id='word_1_130' title='bbox 816 2101 988 2184; x_wconf 77' lang='lat' dir='ltr'><strong>fflrecfione</strong></span> <span class='ocrx_word' id='word_1_131' title='bbox 1007 2115 1039 2167; x_wconf 85' lang='lat' dir='ltr'><strong>et</strong></span> <span class='ocrx_word' id='word_1_132' title='bbox 1058 2103 1232 2180; x_wconf 82' lang='lat' dir='ltr'><strong>velocitate,</strong></span> <span class='ocrx_word' id='word_1_133' title='bbox 1255 2113 1291 2167; x_wconf 92' lang='lat' dir='ltr'><strong>ut</strong></span> <span class='ocrx_word' id='word_1_134' title='bbox 1311 2104 1445 2168; x_wconf 83' lang='lat' dir='ltr'><strong>transire</strong></span> <span class='ocrx_word' id='word_1_135' title='bbox 1466 2105 1588 2189; x_wconf 84' lang='lat' dir='ltr'><strong>possint</strong></span> 
     </span>
     <span class='ocr_line' id='line_1_16' title="bbox 291 2203 1586 2300; baseline 0.008 -33"><span class='ocrx_word' id='word_1_136' title='bbox 291 2203 429 2291; x_wconf 83' lang='lat' dir='ltr'><strong>planetoe</strong></span> <span class='ocrx_word' id='word_1_137' title='bbox 437 2229 446 2283; x_wconf 85' lang='lat'>3</span> <span class='ocrx_word' id='word_1_138' title='bbox 471 2205 543 2284; x_wconf 82' lang='lat' dir='ltr'><strong>alid,</strong></span> <span class='ocrx_word' id='word_1_139' title='bbox 560 2221 596 2272; x_wconf 89' lang='lat' dir='ltr'><strong>ut</strong></span> <span class='ocrx_word' id='word_1_140' title='bbox 606 2209 739 2274; x_wconf 88' lang='lat' dir='ltr'><strong>transire</strong></span> <span class='ocrx_word' id='word_1_141' title='bbox 751 2211 874 2294; x_wconf 86' lang='lat' dir='ltr'><strong>possint</strong></span> <span class='ocrx_word' id='word_1_142' title='bbox 884 2223 1026 2276; x_wconf 76' lang='lat' dir='ltr'><strong>cornetae.</strong></span> <span class='ocrx_word' id='word_1_143' title='bbox 1071 2211 1170 2288; x_wconf 88' lang='lat' dir='ltr'><strong>Quod</strong></span> <span class='ocrx_word' id='word_1_144' title='bbox 1185 2208 1257 2275; x_wconf 86' lang='lat' dir='ltr'><strong>edm</strong></span> <span class='ocrx_word' id='word_1_145' title='bbox 1269 2211 1419 2296; x_wconf 81' lang='lat' dir='ltr'><strong>explicari</strong></span> <span class='ocrx_word' id='word_1_146' title='bbox 1434 2225 1586 2300; x_wconf 63' lang='lat' dir='ltr'><strong>nequeam</strong></span> 
     </span>
     <span class='ocr_line' id='line_1_17' title="bbox 291 2311 1587 2403; baseline 0.006 -27"><span class='ocrx_word' id='word_1_147' title='bbox 291 2313 341 2378; x_wconf 91' lang='lat' dir='ltr'><strong>vel</strong></span> <span class='ocrx_word' id='word_1_148' title='bbox 357 2311 522 2380; x_wconf 83' lang='lat' dir='ltr'><strong>latendum</strong></span> <span class='ocrx_word' id='word_1_149' title='bbox 537 2315 607 2396; x_wconf 83' lang='lat' dir='ltr'><strong>erit,</strong></span> <span class='ocrx_word' id='word_1_150' title='bbox 628 2317 776 2382; x_wconf 85' lang='lat' dir='ltr'><strong>universa</strong></span> <span class='ocrx_word' id='word_1_151' title='bbox 797 2339 934 2403; x_wconf 86' lang='lat' dir='ltr'><strong>corpora</strong></span> <span class='ocrx_word' id='word_1_152' title='bbox 955 2317 1095 2383; x_wconf 86' lang='lat' dir='ltr'><strong>coelestia</strong></span> <span class='ocrx_word' id='word_1_153' title='bbox 1116 2339 1181 2382; x_wconf 89' lang='lat' dir='ltr'><strong>non</strong></span> <span class='ocrx_word' id='word_1_154' title='bbox 1201 2317 1316 2383; x_wconf 79' lang='lat' dir='ltr'><strong>deterri</strong></span> <span class='ocrx_word' id='word_1_155' title='bbox 1331 2341 1350 2382; x_wconf 86' lang='lat' dir='ltr'><strong>a</strong></span> <span class='ocrx_word' id='word_1_156' title='bbox 1363 2321 1493 2384; x_wconf 86' lang='lat' dir='ltr'><strong>materia</strong></span> <span class='ocrx_word' id='word_1_157' title='bbox 1515 2342 1587 2385; x_wconf 91' lang='lat' dir='ltr'><strong>vor·</strong></span> 
     </span>
     <span class='ocr_line' id='line_1_18' title="bbox 290 2423 1586 2512; baseline 0.005 -24"><span class='ocrx_word' id='word_1_158' title='bbox 290 2423 378 2500; x_wconf 83' lang='lat' dir='ltr'><strong>ticis3</strong></span> <span class='ocrx_word' id='word_1_159' title='bbox 401 2424 451 2490; x_wconf 88' lang='lat' dir='ltr'><strong>vel</strong></span> <span class='ocrx_word' id='word_1_160' title='bbox 466 2425 638 2490; x_wconf 90' lang='lat' dir='ltr'><strong>dicendum</strong></span> <span class='ocrx_word' id='word_1_161' title='bbox 653 2429 723 2505; x_wconf 80' lang='lat' dir='ltr'><strong>erit,</strong></span> <span class='ocrx_word' id='word_1_162' title='bbox 748 2427 924 2492; x_wconf 91' lang='lat' dir='ltr'><strong>eorundem</strong></span> <span class='ocrx_word' id='word_1_163' title='bbox 945 2439 1051 2492; x_wconf 90' lang='lat' dir='ltr'><strong>motus</strong></span> <span class='ocrx_word' id='word_1_164' title='bbox 1073 2426 1262 2512; x_wconf 80' lang='lat' dir='ltr'><strong>repetendos</strong></span> <span class='ocrx_word' id='word_1_165' title='bbox 1282 2449 1351 2492; x_wconf 85' lang='lat' dir='ltr'><strong>esse</strong></span> <span class='ocrx_word' id='word_1_166' title='bbox 1372 2449 1439 2491; x_wconf 92' lang='lat' dir='ltr'><strong>non</strong></span> <span class='ocrx_word' id='word_1_167' title='bbox 1459 2429 1499 2492; x_wconf 85' lang='lat' dir='ltr'><strong>ab</strong></span> <span class='ocrx_word' id='word_1_168' title='bbox 1521 2449 1586 2494; x_wconf 89' lang='lat' dir='ltr'><strong>uno</strong></span> 
     </span>
     <span class='ocr_line' id='line_1_19' title="bbox 290 2534 1586 2626; baseline 0.003 -27"><span class='ocrx_word' id='word_1_169' title='bbox 290 2534 464 2622; x_wconf 87' lang='lat' dir='ltr'><strong>eodemque</strong></span> <span class='ocrx_word' id='word_1_170' title='bbox 480 2537 608 2616; x_wconf 85' lang='lat' dir='ltr'><strong>vortice,</strong></span> <span class='ocrx_word' id='word_1_171' title='bbox 633 2537 692 2605; x_wconf 92' lang='lat' dir='ltr'><strong>sed</strong></span> <span class='ocrx_word' id='word_1_172' title='bbox 707 2561 727 2602; x_wconf 88' lang='lat' dir='ltr'><strong>a</strong></span> <span class='ocrx_word' id='word_1_173' title='bbox 740 2537 886 2623; x_wconf 89' lang='lat' dir='ltr'><strong>pluribus</strong></span> <span class='ocrx_word' id='word_1_174' title='bbox 910 2537 965 2625; x_wconf 91' lang='lat' dir='ltr'><strong>qui</strong></span> <span class='ocrx_word' id='word_1_175' title='bbox 986 2537 1027 2600; x_wconf 90' lang='lat' dir='ltr'><strong>ab</strong></span> <span class='ocrx_word' id='word_1_176' title='bbox 1049 2535 1184 2603; x_wconf 87' lang='lat' dir='ltr'><strong>invicem</strong></span> <span class='ocrx_word' id='word_1_177' title='bbox 1206 2534 1322 2601; x_wconf 86' lang='lat' dir='ltr'><strong>diversi</strong></span> <span class='ocrx_word' id='word_1_178' title='bbox 1344 2534 1416 2614; x_wconf 91' lang='lat' dir='ltr'><strong>siut,</strong></span> <span class='ocrx_word' id='word_1_179' title='bbox 1439 2535 1586 2626; x_wconf 85' lang='lat' dir='ltr'><strong>idemque</strong></span> 
     </span>
     <span class='ocr_line' id='line_1_20' title="bbox 289 2646 953 2732; baseline 0.006 -23"><span class='ocrx_word' id='word_1_180' title='bbox 289 2646 426 2729; x_wconf 88' lang='lat' dir='ltr'><strong>spatium</strong></span> <span class='ocrx_word' id='word_1_181' title='bbox 442 2647 501 2710; x_wconf 89' lang='lat' dir='ltr'><strong>soli</strong></span> <span class='ocrx_word' id='word_1_182' title='bbox 516 2649 753 2732; x_wconf 85' lang='lat' dir='ltr'><strong>circumjectum</strong></span> <span class='ocrx_word' id='word_1_183' title='bbox 767 2646 953 2732; x_wconf 75' lang='lat' dir='ltr'><strong>pervadant</strong></span> 
     </span>
    </p>

    <p class='ocr_par' dir='ltr' id='par_1_4' title="bbox 217 2733 1584 4694">
     <span class='ocr_line' id='line_1_21' title="bbox 336 2733 1584 2838; baseline 0.001 -21"><span class='ocrx_word' id='word_1_184' title='bbox 336 2753 372 2817; x_wconf 89' lang='lat' dir='ltr'><strong>Si</strong></span> <span class='ocrx_word' id='word_1_185' title='bbox 398 2751 506 2838; x_wconf 90' lang='lat' dir='ltr'><strong>plures</strong></span> <span class='ocrx_word' id='word_1_186' title='bbox 522 2754 655 2818; x_wconf 85' lang='lat' dir='ltr'><strong>vortices</strong></span> <span class='ocrx_word' id='word_1_187' title='bbox 672 2753 706 2816; x_wconf 92' lang='lat' dir='ltr'><strong>in</strong></span> <span class='ocrx_word' id='word_1_188' title='bbox 720 2733 833 2816; x_wconf 88' lang='lat' dir='ltr'><strong>eodem</strong></span> <span class='ocrx_word' id='word_1_189' title='bbox 848 2752 949 2837; x_wconf 84' lang='lat' dir='ltr'><strong>spatio</strong></span> <span class='ocrx_word' id='word_1_190' title='bbox 970 2751 1133 2829; x_wconf 78' lang='lat' dir='ltr'><strong>contineri,</strong></span> <span class='ocrx_word' id='word_1_191' title='bbox 1157 2763 1189 2816; x_wconf 91' lang='lat' dir='ltr'><strong>et</strong></span> <span class='ocrx_word' id='word_1_192' title='bbox 1208 2771 1276 2815; x_wconf 82' lang='lat' dir='ltr'><strong>sese</strong></span> <span class='ocrx_word' id='word_1_193' title='bbox 1294 2748 1405 2815; x_wconf 82' lang='lat' dir='ltr'><strong>mutud</strong></span> <span class='ocrx_word' id='word_1_194' title='bbox 1418 2761 1584 2835; x_wconf 89' lang='lat' dir='ltr'><strong>penetrare</strong></span> 
     </span>
     <span class='ocr_line' id='line_1_22' title="bbox 290 2845 1583 2949; baseline 0.002 -24"><span class='ocrx_word' id='word_1_195' title='bbox 290 2845 489 2949; x_wconf 67' lang='lat' dir='ltr'><strong>motibusque</strong></span> <span class='ocrx_word' id='word_1_196' title='bbox 501 2861 630 2926; x_wconf 88' lang='lat' dir='ltr'><strong>diversis</strong></span> <span class='ocrx_word' id='word_1_197' title='bbox 642 2860 759 2926; x_wconf 89' lang='lat' dir='ltr'><strong>revolvi</strong></span> <span class='ocrx_word' id='word_1_198' title='bbox 773 2873 951 2947; x_wconf 85' lang='lat' dir='ltr'><strong>ponantur3</strong></span> <span class='ocrx_word' id='word_1_199' title='bbox 974 2860 1123 2947; x_wconf 90' lang='lat' dir='ltr'><strong>quoniam</strong></span> <span class='ocrx_word' id='word_1_200' title='bbox 1132 2857 1168 2924; x_wconf 94' lang='lat' dir='ltr'><strong>hi</strong></span> <span class='ocrx_word' id='word_1_201' title='bbox 1179 2872 1282 2926; x_wconf 89' lang='lat' dir='ltr'><strong>motus</strong></span> <span class='ocrx_word' id='word_1_202' title='bbox 1294 2859 1412 2926; x_wconf 89' lang='lat' dir='ltr'><strong>debent</strong></span> <span class='ocrx_word' id='word_1_203' title='bbox 1422 2883 1491 2926; x_wconf 88' lang='lat' dir='ltr'><strong>esse</strong></span> <span class='ocrx_word' id='word_1_204' title='bbox 1506 2883 1583 2927; x_wconf 91' lang='lat' dir='ltr'><strong>oon·</strong></span> 
     </span>
     <span class='ocr_line' id='line_1_23' title="bbox 288 2969 1583 3060; baseline 0.002 -27"><span class='ocrx_word' id='word_1_205' title='bbox 288 2969 406 3035; x_wconf 84' lang='lat' dir='ltr'><strong>formes</strong></span> <span class='ocrx_word' id='word_1_206' title='bbox 421 2969 599 3036; x_wconf 87' lang='lat' dir='ltr'><strong>delatorum</strong></span> <span class='ocrx_word' id='word_1_207' title='bbox 619 2992 788 3056; x_wconf 90' lang='lat' dir='ltr'><strong>corporum</strong></span> <span class='ocrx_word' id='word_1_208' title='bbox 804 2971 952 3049; x_wconf 85' lang='lat' dir='ltr'><strong>motibus,</strong></span> <span class='ocrx_word' id='word_1_209' title='bbox 968 2971 1023 3058; x_wconf 89' lang='lat' dir='ltr'><strong>qui</strong></span> <span class='ocrx_word' id='word_1_210' title='bbox 1037 2983 1111 3035; x_wconf 78' lang='lat' dir='ltr'><strong>sum</strong></span> <span class='ocrx_word' id='word_1_211' title='bbox 1132 2971 1254 3036; x_wconf 76' lang='lat' dir='ltr'><strong>summe</strong></span> <span class='ocrx_word' id='word_1_212' title='bbox 1268 2971 1441 3060; x_wconf 81' lang='lat' dir='ltr'><strong>regulares,</strong></span> <span class='ocrx_word' id='word_1_213' title='bbox 1464 2985 1496 3037; x_wconf 89' lang='lat' dir='ltr'><strong>et</strong></span> <span class='ocrx_word' id='word_1_214' title='bbox 1509 2993 1583 3057; x_wconf 92' lang='lat' dir='ltr'><strong>per-</strong></span> 
     </span>
     <span class='ocr_line' id='line_1_24' title="bbox 288 3075 1583 3172; baseline 0.002 -32"><span class='ocrx_word' id='word_1_215' title='bbox 288 3087 431 3172; x_wconf 87' lang='lat' dir='ltr'><strong>aguntur</strong></span> <span class='ocrx_word' id='word_1_216' title='bbox 443 3075 679 3142; x_wconf 72' lang='lat' dir='ltr'><strong>invectionibus</strong></span> <span class='ocrx_word' id='word_1_217' title='bbox 701 3076 818 3141; x_wconf 86' lang='lat' dir='ltr'><strong>conicis</strong></span> <span class='ocrx_word' id='word_1_218' title='bbox 841 3097 927 3142; x_wconf 91' lang='lat' dir='ltr'><strong>nunc</strong></span> <span class='ocrx_word' id='word_1_219' title='bbox 948 3075 1040 3141; x_wconf 73' lang='lat' dir='ltr'><strong>valde</strong></span> <span class='ocrx_word' id='word_1_220' title='bbox 1061 3075 1253 3155; x_wconf 85' lang='lat' dir='ltr'><strong>eoeerrtricis,</strong></span> <span class='ocrx_word' id='word_1_221' title='bbox 1276 3097 1363 3142; x_wconf 89' lang='lat' dir='ltr'><strong>nunc</strong></span> <span class='ocrx_word' id='word_1_222' title='bbox 1385 3077 1426 3141; x_wconf 88' lang='lat' dir='ltr'><strong>ad</strong></span> <span class='ocrx_word' id='word_1_223' title='bbox 1449 3077 1583 3142; x_wconf 85' lang='lat' dir='ltr'><strong>circulo-</strong></span> 
     </span>
     <span class='ocr_line' id='line_1_25' title="bbox 288 3185 1580 3273; baseline 0.001 -24"><span class='ocrx_word' id='word_1_224' title='bbox 288 3208 360 3250; x_wconf 90' lang='lat' dir='ltr'><strong>rum</strong></span> <span class='ocrx_word' id='word_1_225' title='bbox 375 3188 520 3273; x_wconf 85' lang='lat' dir='ltr'><strong>proxime</strong></span> <span class='ocrx_word' id='word_1_226' title='bbox 508 3187 668 3252; x_wconf 82' lang='lat' dir='ltr'><strong>formam</strong></span> <span class='ocrx_word' id='word_1_227' title='bbox 679 3186 922 3264; x_wconf 84' lang='lat' dir='ltr'><strong>accedentibus3</strong></span> <span class='ocrx_word' id='word_1_228' title='bbox 940 3187 1013 3273; x_wconf 80' lang='lat' dir='ltr'><strong>jure</strong></span> <span class='ocrx_word' id='word_1_229' title='bbox 1024 3185 1229 3272; x_wconf 77' lang='lat' dir='ltr'><strong>quarendum</strong></span> <span class='ocrx_word' id='word_1_230' title='bbox 1240 3185 1309 3264; x_wconf 83' lang='lat' dir='ltr'><strong>erit,</strong></span> <span class='ocrx_word' id='word_1_231' title='bbox 1322 3208 1376 3273; x_wconf 87' lang='lat' dir='ltr'><strong>qur</strong></span> <span class='ocrx_word' id='word_1_232' title='bbox 1367 3185 1457 3250; x_wconf 90' lang='lat' dir='ltr'><strong>fieri</strong></span> <span class='ocrx_word' id='word_1_233' title='bbox 1471 3187 1580 3273; x_wconf 84' lang='lat' dir='ltr'><strong>possit,</strong></span> 
     </span>
     <span class='ocr_line' id='line_1_26' title="bbox 290 3291 1581 3384; baseline 0.001 -26"><span class='ocrx_word' id='word_1_234' title='bbox 290 3304 326 3358; x_wconf 92' lang='lat' dir='ltr'><strong>ut</strong></span> <span class='ocrx_word' id='word_1_235' title='bbox 339 3292 460 3358; x_wconf 88' lang='lat' dir='ltr'><strong>iidem&#39;</strong></span> <span class='ocrx_word' id='word_1_236' title='bbox 450 3293 565 3384; x_wconf 75' lang='lat' dir='ltr'><strong>integri</strong></span> <span class='ocrx_word' id='word_1_237' title='bbox 580 3304 805 3360; x_wconf 87' lang='lat' dir='ltr'><strong>conserventur</strong></span> <span class='ocrx_word' id='word_1_238' title='bbox 826 3315 884 3359; x_wconf 92' lang='lat' dir='ltr'><strong>nec</strong></span> <span class='ocrx_word' id='word_1_239' title='bbox 908 3293 949 3358; x_wconf 88' lang='lat' dir='ltr'><strong>ab</strong></span> <span class='ocrx_word' id='word_1_240' title='bbox 963 3291 1140 3358; x_wconf 88' lang='lat' dir='ltr'><strong>actionibus</strong></span> <span class='ocrx_word' id='word_1_241' title='bbox 1155 3291 1294 3357; x_wconf 80' lang='lat' dir='ltr'><strong>materiae</strong></span> <span class='ocrx_word' id='word_1_242' title='bbox 1308 3293 1501 3359; x_wconf 88' lang='lat' dir='ltr'><strong>occursantis</strong></span> <span class='ocrx_word' id='word_1_243' title='bbox 1522 3315 1581 3378; x_wconf 89' lang='lat' dir='ltr'><strong>per</strong></span> 
     </span>
     <span class='ocr_line' id='line_1_27' title="bbox 287 3401 1579 3491; baseline 0 -25"><span class='ocrx_word' id='word_1_244' title='bbox 287 3414 335 3466; x_wconf 90' lang='lat' dir='ltr'><strong>tot</strong></span> <span class='ocrx_word' id='word_1_245' title='bbox 349 3402 467 3468; x_wconf 77' lang='lat' dir='ltr'><strong>saecula</strong></span> <span class='ocrx_word' id='word_1_246' title='bbox 481 3403 650 3491; x_wconf 84' lang='lat' dir='ltr'><strong>quicquam</strong></span> <span class='ocrx_word' id='word_1_247' title='bbox 667 3405 902 3491; x_wconf 89' lang='lat' dir='ltr'><strong>perturbentur.</strong></span> <span class='ocrx_word' id='word_1_248' title='bbox 949 3401 1033 3470; x_wconf 75' lang='lat' dir='ltr'><strong>sant</strong></span> <span class='ocrx_word' id='word_1_249' title='bbox 1048 3403 1075 3467; x_wconf 91' lang='lat' dir='ltr'><strong>si</strong></span> <span class='ocrx_word' id='word_1_250' title='bbox 1089 3414 1195 3467; x_wconf 90' lang='lat' dir='ltr'><strong>motus</strong></span> <span class='ocrx_word' id='word_1_251' title='bbox 1214 3401 1248 3464; x_wconf 91' lang='lat' dir='ltr'><strong>hi</strong></span> <span class='ocrx_word' id='word_1_252' title='bbox 1270 3401 1371 3467; x_wconf 86' lang='lat' dir='ltr'><strong>fictitii</strong></span> <span class='ocrx_word' id='word_1_253' title='bbox 1391 3416 1465 3468; x_wconf 90' lang='lat' dir='ltr'><strong>sunt</strong></span> <span class='ocrx_word' id='word_1_254' title='bbox 1477 3403 1579 3490; x_wconf 87' lang='lat' dir='ltr'><strong>magis</strong></span> 
     </span>
     <span class='ocr_line' id='line_1_28' title="bbox 287 3509 1580 3602; baseline 0 -26"><span class='ocrx_word' id='word_1_255' title='bbox 287 3513 452 3597; x_wconf 84' lang='lat' dir='ltr'><strong>compositi</strong></span> <span class='ocrx_word' id='word_1_256' title='bbox 474 3527 507 3580; x_wconf 91' lang='lat' dir='ltr'><strong>et</strong></span> <span class='ocrx_word' id='word_1_257' title='bbox 528 3513 684 3582; x_wconf 86' lang='lat' dir='ltr'><strong>difficiliris</strong></span> <span class='ocrx_word' id='word_1_258' title='bbox 707 3514 912 3602; x_wconf 88' lang='lat' dir='ltr'><strong>explicantur,</strong></span> <span class='ocrx_word' id='word_1_259' title='bbox 937 3511 1033 3601; x_wconf 81' lang='lat' dir='ltr'><strong>qudm</strong></span> <span class='ocrx_word' id='word_1_260' title='bbox 1054 3512 1121 3577; x_wconf 90' lang='lat' dir='ltr'><strong>veri</strong></span> <span class='ocrx_word' id='word_1_261' title='bbox 1141 3509 1188 3574; x_wconf 92' lang='lat' dir='ltr'><strong>illi</strong></span> <span class='ocrx_word' id='word_1_262' title='bbox 1209 3523 1314 3576; x_wconf 89' lang='lat' dir='ltr'><strong>motus</strong></span> <span class='ocrx_word' id='word_1_263' title='bbox 1334 3512 1532 3597; x_wconf 87' lang='lat' dir='ltr'><strong>planetarum</strong></span> <span class='ocrx_word' id='word_1_264' title='bbox 1547 3527 1580 3578; x_wconf 92' lang='lat' dir='ltr'><strong>et</strong></span> 
     </span>
     <span class='ocr_line' id='line_1_29' title="bbox 287 3617 1578 3709; baseline -0.002 -21"><span class='ocrx_word' id='word_1_265' title='bbox 287 3634 497 3701; x_wconf 69' lang='lat' dir='ltr'><strong>cometarum</strong></span> <span class='ocrx_word' id='word_1_266' title='bbox 519 3623 636 3690; x_wconf 74' lang='lat' dir='ltr'><strong>frustrd</strong></span> <span class='ocrx_word' id='word_1_267' title='bbox 658 3625 737 3690; x_wconf 87' lang='lat' dir='ltr'><strong>mihi</strong></span> <span class='ocrx_word' id='word_1_268' title='bbox 750 3625 897 3691; x_wconf 90' lang='lat' dir='ltr'><strong>videntur</strong></span> <span class='ocrx_word' id='word_1_269' title='bbox 920 3623 953 3687; x_wconf 91' lang='lat' dir='ltr'><strong>in</strong></span> <span class='ocrx_word' id='word_1_270' title='bbox 974 3617 1208 3709; x_wconf 85' lang='lat' dir='ltr'><strong>philosophiam</strong></span> <span class='ocrx_word' id='word_1_271' title='bbox 1228 3620 1345 3704; x_wconf 72' lang='lat' dir='ltr'><strong>recipis</strong></span> <span class='ocrx_word' id='word_1_272' title='bbox 1369 3621 1578 3702; x_wconf 84' lang='lat' dir='ltr'><strong>omnisenim</strong></span> 
     </span>
     <span class='ocr_line' id='line_1_30' title="bbox 287 3727 1575 3817; baseline 0.002 -23"><span class='ocrx_word' id='word_1_273' title='bbox 287 3751 380 3794; x_wconf 85' lang='lat' dir='ltr'><strong>causa</strong></span> <span class='ocrx_word' id='word_1_274' title='bbox 401 3728 497 3798; x_wconf 90' lang='lat' dir='ltr'><strong>debct</strong></span> <span class='ocrx_word' id='word_1_275' title='bbox 519 3753 587 3798; x_wconf 90' lang='lat' dir='ltr'><strong>esse</strong></span> <span class='ocrx_word' id='word_1_276' title='bbox 604 3731 723 3799; x_wconf 84' lang='lat' dir='ltr'><strong>effectu</strong></span> <span class='ocrx_word' id='word_1_277' title='bbox 747 3754 806 3797; x_wconf 90' lang='lat' dir='ltr'><strong>suo</strong></span> <span class='ocrx_word' id='word_1_278' title='bbox 829 3731 1009 3817; x_wconf 70' lang='lat' dir='ltr'><strong>simpicior.</strong></span> <span class='ocrx_word' id='word_1_279' title='bbox 1056 3727 1215 3794; x_wconf 87' lang='lat' dir='ltr'><strong>Concessa</strong></span> <span class='ocrx_word' id='word_1_280' title='bbox 1239 3727 1415 3793; x_wconf 87' lang='lat' dir='ltr'><strong>fabularum</strong></span> <span class='ocrx_word' id='word_1_281' title='bbox 1438 3729 1575 3808; x_wconf 87' lang='lat' dir='ltr'><strong>licentia,</strong></span> 
     </span>
     <span class='ocr_line' id='line_1_31' title="bbox 217 3835 1575 3928; baseline -0.002 -24"><span class='ocrx_word' id='word_1_282' title='bbox 217 3851 220 3858; x_wconf 89' lang='grc'><strong><em>’</em></strong></span> <span class='ocrx_word' id='word_1_283' title='bbox 287 3839 489 3906; x_wconf 86' lang='lat' dir='ltr'><strong>affirmaverit</strong></span> <span class='ocrx_word' id='word_1_284' title='bbox 502 3839 613 3928; x_wconf 89' lang='lat' dir='ltr'><strong>aliquis</strong></span> <span class='ocrx_word' id='word_1_285' title='bbox 637 3841 778 3926; x_wconf 86' lang='lat' dir='ltr'><strong>planetas</strong></span> <span class='ocrx_word' id='word_1_286' title='bbox 793 3861 902 3906; x_wconf 88' lang='lat' dir='ltr'><strong>omnes</strong></span> <span class='ocrx_word' id='word_1_287' title='bbox 923 3852 955 3904; x_wconf 89' lang='lat' dir='ltr'><strong>et</strong></span> <span class='ocrx_word' id='word_1_288' title='bbox 972 3849 1109 3904; x_wconf 89' lang='lat' dir='ltr'><strong>cometas</strong></span> <span class='ocrx_word' id='word_1_289' title='bbox 1127 3835 1329 3924; x_wconf 83' lang='lat' dir='ltr'><strong>circumcingi</strong></span> <span class='ocrx_word' id='word_1_290' title='bbox 1347 3835 1575 3922; x_wconf 84' lang='lat' dir='ltr'><strong>atmosphaeris,</strong></span> 
     </span>
     <span class='ocr_line' id='line_1_32' title="bbox 286 3928 1576 4037; baseline -0.002 -23"><span class='ocrx_word' id='word_1_291' title='bbox 286 3928 329 4014; x_wconf 88' lang='lat' dir='ltr'><strong>ad</strong></span> <span class='ocrx_word' id='word_1_292' title='bbox 343 3949 442 4014; x_wconf 87' lang='lat' dir='ltr'><strong>instar</strong></span> <span class='ocrx_word' id='word_1_293' title='bbox 456 3948 578 4014; x_wconf 90' lang='lat' dir='ltr'><strong>telluris</strong></span> <span class='ocrx_word' id='word_1_294' title='bbox 592 3963 726 4027; x_wconf 83' lang='lat' dir='ltr'><strong>nostrae3</strong></span> <span class='ocrx_word' id='word_1_295' title='bbox 750 3971 820 4036; x_wconf 87' lang='lat' dir='ltr'><strong>quae</strong></span> <span class='ocrx_word' id='word_1_296' title='bbox 843 3949 970 4037; x_wconf 89' lang='lat' dir='ltr'><strong>quidem</strong></span> <span class='ocrx_word' id='word_1_297' title='bbox 990 3945 1173 4034; x_wconf 84' lang='lat' dir='ltr'><strong>hypothesis</strong></span> <span class='ocrx_word' id='word_1_298' title='bbox 1188 3944 1301 4011; x_wconf 92' lang='lat' dir='ltr'><strong>rationi</strong></span> <span class='ocrx_word' id='word_1_299' title='bbox 1321 3947 1422 4036; x_wconf 83' lang='lat' dir='ltr'><strong>magis</strong></span> <span class='ocrx_word' id='word_1_300' title='bbox 1444 3969 1576 4012; x_wconf 90' lang='lat' dir='ltr'><strong>consen-</strong></span> 
     </span>
     <span class='ocr_line' id='line_1_33' title="bbox 287 4053 1575 4147; baseline -0.002 -23"><span class='ocrx_word' id='word_1_301' title='bbox 287 4073 378 4124; x_wconf 88' lang='lat' dir='ltr'><strong>tanea</strong></span> <span class='ocrx_word' id='word_1_302' title='bbox 392 4059 550 4124; x_wconf 90' lang='lat' dir='ltr'><strong>videbitur</strong></span> <span class='ocrx_word' id='word_1_303' title='bbox 570 4081 664 4147; x_wconf 92' lang='lat' dir='ltr'><strong>quam</strong></span> <span class='ocrx_word' id='word_1_304' title='bbox 683 4058 866 4146; x_wconf 85' lang='lat' dir='ltr'><strong>hypothesis</strong></span> <span class='ocrx_word' id='word_1_305' title='bbox 887 4058 1051 4123; x_wconf 86' lang='lat' dir='ltr'><strong>vorticum.</strong></span> <span class='ocrx_word' id='word_1_306' title='bbox 1097 4053 1309 4123; x_wconf 81' lang='lat' dir='ltr'><strong>Affirmaverit</strong></span> <span class='ocrx_word' id='word_1_307' title='bbox 1323 4054 1437 4121; x_wconf 90' lang='lat' dir='ltr'><strong>deinde</strong></span> <span class='ocrx_word' id='word_1_308' title='bbox 1452 4055 1509 4121; x_wconf 87' lang='lat' dir='ltr'><strong>has</strong></span> <span class='ocrx_word' id='word_1_309' title='bbox 1529 4067 1575 4122; x_wconf 89' lang='lat' dir='ltr'><strong>at·</strong></span> 
     </span>
     <span class='ocr_line' id='line_1_34' title="bbox 286 4163 1574 4251; baseline 0.001 -22"><span class='ocrx_word' id='word_1_310' title='bbox 286 4166 489 4251; x_wconf 83' lang='lat' dir='ltr'><strong>rnosphaeras‚</strong></span> <span class='ocrx_word' id='word_1_311' title='bbox 514 4187 555 4229; x_wconf 86' lang='lat' dir='ltr'><strong>ex</strong></span> <span class='ocrx_word' id='word_1_312' title='bbox 569 4163 681 4231; x_wconf 77' lang='lat' dir='ltr'><strong>naturd</strong></span> <span class='ocrx_word' id='word_1_313' title='bbox 698 4165 765 4244; x_wconf 78' lang='lat' dir='ltr'><strong>suri,</strong></span> <span class='ocrx_word' id='word_1_314' title='bbox 789 4167 873 4230; x_wconf 89' lang='lat' dir='ltr'><strong>circa</strong></span> <span class='ocrx_word' id='word_1_315' title='bbox 895 4164 993 4229; x_wconf 87' lang='lat' dir='ltr'><strong>solern</strong></span> <span class='ocrx_word' id='word_1_316' title='bbox 1008 4163 1126 4234; x_wconf 90' lang='lat' dir='ltr'><strong>moveri</strong></span> <span class='ocrx_word' id='word_1_317' title='bbox 1142 4176 1174 4230; x_wconf 90' lang='lat' dir='ltr'><strong>et</strong></span> <span class='ocrx_word' id='word_1_318' title='bbox 1195 4164 1348 4230; x_wconf 91' lang='lat' dir='ltr'><strong>sectiones</strong></span> <span class='ocrx_word' id='word_1_319' title='bbox 1371 4165 1496 4230; x_wconf 86' lang='lat' dir='ltr'><strong>conicas</strong></span> <span class='ocrx_word' id='word_1_320' title='bbox 1519 4166 1574 4230; x_wconf 88' lang='lat' dir='ltr'><strong>de-</strong></span> 
     </span>
     <span class='ocr_line' id='line_1_35' title="bbox 287 4271 1574 4372; baseline 0.002 -32"><span class='ocrx_word' id='word_1_321' title='bbox 287 4275 440 4354; x_wconf 88' lang='lat' dir='ltr'><strong>scribere;</strong></span> <span class='ocrx_word' id='word_1_322' title='bbox 463 4277 517 4365; x_wconf 93' lang='lat' dir='ltr'><strong>qui</strong></span> <span class='ocrx_word' id='word_1_323' title='bbox 540 4277 614 4342; x_wconf 72' lang='lat' dir='ltr'><strong>sane</strong></span> <span class='ocrx_word' id='word_1_324' title='bbox 628 4289 732 4342; x_wconf 92' lang='lat' dir='ltr'><strong>motus</strong></span> <span class='ocrx_word' id='word_1_325' title='bbox 751 4275 850 4342; x_wconf 78' lang='lat' dir='ltr'><strong>multd</strong></span> <span class='ocrx_word' id='word_1_326' title='bbox 865 4275 986 4346; x_wconf 83' lang='lat' dir='ltr'><strong>fucilids</strong></span> <span class='ocrx_word' id='word_1_327' title='bbox 1006 4275 1256 4360; x_wconf 82' lang='lat' dir='ltr'><strong>concipipotest,</strong></span> <span class='ocrx_word' id='word_1_328' title='bbox 1284 4271 1378 4361; x_wconf 76' lang='lat' dir='ltr'><strong>quim</strong></span> <span class='ocrx_word' id='word_1_329' title='bbox 1404 4275 1574 4372; x_wconf 87' lang='lat' dir='ltr'><strong>consimilis</strong></span> 
     </span>
     <span class='ocr_line' id='line_1_36' title="bbox 286 4381 1574 4476; baseline -0.002 -26"><span class='ocrx_word' id='word_1_330' title='bbox 286 4397 390 4450; x_wconf 90' lang='lat' dir='ltr'><strong>rnotus</strong></span> <span class='ocrx_word' id='word_1_331' title='bbox 412 4389 567 4452; x_wconf 91' lang='lat' dir='ltr'><strong>vorticum</strong></span> <span class='ocrx_word' id='word_1_332' title='bbox 596 4387 783 4453; x_wconf 89' lang='lat' dir='ltr'><strong>seinvicem</strong></span> <span class='ocrx_word' id='word_1_333' title='bbox 806 4385 1044 4476; x_wconf 83' lang='lat' dir='ltr'><strong>permeant-ium.</strong></span> <span class='ocrx_word' id='word_1_334' title='bbox 1090 4381 1236 4470; x_wconf 89' lang='lat' dir='ltr'><strong>Denique</strong></span> <span class='ocrx_word' id='word_1_335' title='bbox 1261 4383 1402 4470; x_wconf 87' lang='lat' dir='ltr'><strong>planetus</strong></span> <span class='ocrx_word' id='word_1_336' title='bbox 1427 4385 1512 4468; x_wconf 88' lang='lat' dir='ltr'><strong>ipsos</strong></span> <span class='ocrx_word' id='word_1_337' title='bbox 1541 4397 1574 4449; x_wconf 93' lang='lat' dir='ltr'><strong>et</strong></span> 
     </span>
     <span class='ocr_line' id='line_1_37' title="bbox 286 4493 1571 4580; baseline -0.002 -20"><span class='ocrx_word' id='word_1_338' title='bbox 286 4509 422 4560; x_wconf 86' lang='lat' dir='ltr'><strong>cometas</strong></span> <span class='ocrx_word' id='word_1_339' title='bbox 443 4496 526 4560; x_wconf 83' lang='lat' dir='ltr'><strong>circa</strong></span> <span class='ocrx_word' id='word_1_340' title='bbox 541 4497 639 4561; x_wconf 87' lang='lat' dir='ltr'><strong>solem</strong></span> <span class='ocrx_word' id='word_1_341' title='bbox 654 4495 770 4560; x_wconf 83' lang='lat' dir='ltr'><strong>deferri</strong></span> <span class='ocrx_word' id='word_1_342' title='bbox 785 4496 825 4561; x_wconf 91' lang='lat' dir='ltr'><strong>ab</strong></span> <span class='ocrx_word' id='word_1_343' title='bbox 840 4495 1057 4580; x_wconf 66' lang='lat' dir='ltr'><strong>annospha&#39;aris</strong></span> <span class='ocrx_word' id='word_1_344' title='bbox 1074 4494 1136 4558; x_wconf 88' lang='lat' dir='ltr'><strong>suis</strong></span> <span class='ocrx_word' id='word_1_345' title='bbox 1152 4493 1343 4558; x_wconf 88' lang='lat' dir='ltr'><strong>credendum</strong></span> <span class='ocrx_word' id='word_1_346' title='bbox 1360 4515 1429 4558; x_wconf 90' lang='lat' dir='ltr'><strong>esse</strong></span> <span class='ocrx_word' id='word_1_347' title='bbox 1445 4505 1571 4572; x_wconf 86' lang='lat' dir='ltr'><strong>statuat,</strong></span> 
     </span>
     <span class='ocr_line' id='line_1_38' title="bbox 286 4603 1573 4694; baseline -0.001 -24"><span class='ocrx_word' id='word_1_348' title='bbox 286 4618 318 4670; x_wconf 88' lang='lat' dir='ltr'><strong>et</strong></span> <span class='ocrx_word' id='word_1_349' title='bbox 332 4605 373 4669; x_wconf 95' lang='lat' dir='ltr'><strong>ob</strong></span> <span class='ocrx_word' id='word_1_350' title='bbox 389 4615 525 4691; x_wconf 86' lang='lat' dir='ltr'><strong>repertas</strong></span> <span class='ocrx_word' id='word_1_351' title='bbox 540 4617 682 4672; x_wconf 89' lang='lat' dir='ltr'><strong>motuum</strong></span> <span class='ocrx_word' id='word_1_352' title='bbox 698 4605 870 4670; x_wconf 88' lang='lat' dir='ltr'><strong>ooelestiurn</strong></span> <span class='ocrx_word' id='word_1_353' title='bbox 885 4627 992 4672; x_wconf 88' lang='lat' dir='ltr'><strong>causas</strong></span> <span class='ocrx_word' id='word_1_354' title='bbox 1007 4603 1202 4690; x_wconf 87' lang='lat' dir='ltr'><strong>triumphum</strong></span> <span class='ocrx_word' id='word_1_355' title='bbox 1225 4615 1305 4694; x_wconf 83' lang='lat' dir='ltr'><strong>ngat.</strong></span> <span class='ocrx_word' id='word_1_356' title='bbox 1352 4603 1503 4689; x_wconf 87' lang='lat' dir='ltr'><strong>Quisquis</strong></span> <span class='ocrx_word' id='word_1_357' title='bbox 1517 4627 1573 4670; x_wconf 86' lang='lat' dir='ltr'><strong>au·</strong></span> 
     </span>
    </p>
   </div>
   <div class='ocr_carea' id='block_1_3' title="bbox 0 0 1794 5866">
    <p class='ocr_par' dir='ltr' id='par_1_5' title="bbox 0 0 1794 5866">
     <span class='ocr_line' id='line_1_39' title="bbox 0 0 1794 5866; baseline 0 6"><span class='ocrx_word' id='word_1_358' title='bbox 0 0 1794 5866; x_wconf 95' lang='lat' dir='ltr'><strong> </strong></span> 
     </span>
    </p>
   </div>
  </div>
 </body>
</html>
