3580 5866
664 1167 965 1247 Aucrours
985 1165 1307 1248 russanum
1396 1114 1397 1124 Ν

577 1589 896 1693 EDITION
898 1588 1009 1688 EM
1047 1585 1402 1686 TERTIAM.

915 1849 1055 1872 Um

351 1989 404 2082 Iu
427 2019 564 2086 editione
584 2021 681 2087 hacce
699 2021 801 2102 tertia,
826 2045 922 2112 quam
938 2021 1099 2088 Heuricus
1116 2021 1318 2099 Pemberton‚
1336 2023 1385 2088 M.
1400 2023 1444 2090 D.
1459 2027 1508 2090 vir
1521 2025 1642 2091 harum

347 2151 451 2193 rerum
461 2129 665 2214 peritissimus
677 2126 804 2211 tutavit
822 2131 973 2196 nonnulla
984 2132 1017 2196 in
1030 2131 1129 2198 Libro
1141 2132 1280 2196 secundo
1291 2131 1331 2197 de
1345 2135 1522 2204 resistentia
1536 2137 1643 2202 medi-

347 2261 438 2304 orum
452 2240 548 2326 paulo
563 2239 660 2306 fusius
675 2241 871 2328 explicantur
886 2240 979 2328 quim
995 2239 1096 2320 anmi
1121 2241 1327 2314 etaddrmtur
1342 2244 1554 2328 experimenta
1576 2267 1643 2310 no-

349 2369 387 2410 va
401 2345 441 2412 de
455 2349 628 2414 resistentia
641 2350 784 2438 gravium
800 2373 870 2436 quae
884 2348 1002 2412 cadunt
1016 2349 1049 2411 in
1064 2353 1145 2413 aitte.
1191 2347 1230 2412 In
1247 2349 1346 2414 Libro
1360 2351 1454 2414 tertio
1469 2373 1642 2439 argumen-

348 2471 415 2522 tum
427 2481 490 2544 quo
502 2459 625 2524 Lunam
637 2461 670 2522 iu
686 2459 764 2524 orbe
776 2481 834 2524 suo
848 2480 905 2544 per
916 2459 1101 2546 gravitatem
1112 2457 1240 2522 retineri
1254 2457 1416 2544 probatur,
1432 2457 1527 2544 paulo
1538 2457 1642 2524 fusius

348 2567 533 2652 exponitur:
557 2579 588 2632 et
603 2589 693 2632 novoe
709 2565 868 2632 adduntur
882 2564 1115 2630 observationes
1130 2563 1171 2628 de
1192 2565 1396 2652 proportione
1411 2565 1643 2630 diametrorum

348 2676 435 2738 Jovis
458 2675 500 2739 ad
521 2676 655 2739 invicem
677 2700 696 2738 a
718 2675 762 2739 D.
783 2673 929 2738 Poundio
948 2673 1049 2736 factae.
1094 2673 1266 2736 Adduntur
1287 2675 1380 2736 etiam
1402 2675 1643 2740 observationes

348 2783 469 2868 aliquot
482 2795 614 2846 cometae
628 2782 710 2845 illius
726 2782 779 2868 qui
795 2803 877 2845 atino
895 2787 987 2844 1680.
1004 2780 1158 2865 apparuit,
1183 2803 1201 2844 a
1215 2779 1259 2845 D.
1278 2781 1361 2845 Kirk
1375 2805 1481 2848 mense
1497 2783 1643 2848 Novem-

347 2889 396 2954 bri
411 2891 444 2952 in
456 2889 630 2954 Gennauia
639 2887 764 2965 habitae,
782 2910 853 2972 quoe
864 2907 965 2970 nuper
977 2886 1018 2950 ad
1028 2909 1139 2950 manus
1149 2899 1271 2952 nostras
1283 2901 1446 2966 venerunt,
1460 2903 1492 2954 et
1503 2913 1642 2977 quarum

348 3018 409 3080 ope
423 3005 543 3060 oonstet
559 2991 652 3080 quaint
667 2993 767 3079 prope
782 2993 873 3058 orbes
887 2993 1059 3086 parabolici
1072 2993 1208 3059 motibus
1224 3009 1415 3060 cometarum
1433 2999 1640 3084 respondent.

349 3107 393 3172 Et
406 3107 509 3170 orbita
524 3118 653 3169 cometae
668 3103 760 3181 illius,
778 3115 978 3187 computante
994 3101 1133 3180 Halieio,
1149 3103 1245 3187 paulo
1256 3104 1431 3170 accuratius
1445 3105 1642 3174 determina·-

348 3229 399 3281 tur
413 3215 507 3302 quam
529 3213 631 3292 anteri,
654 3213 749 3300 idque
770 3213 803 3276 in
822 3212 933 3296 ellipsi.
989 3211 1032 3277 Et
1051 3213 1226 3277 ostenditur
1241 3227 1396 3279 cometam
1412 3215 1443 3278 in
1458 3213 1518 3280 hac
1532 3216 1640 3282 orbita

347 3326 493 3409 elliptica,
508 3346 566 3410 per
576 3345 689 3387 novem
701 3321 852 3386 coelorum
864 3321 964 3409 signa,
977 3341 1041 3384 nou
1052 3319 1158 3386 mimis
1169 3321 1312 3386 accurate
1324 3345 1449 3388 cursum
1463 3326 1638 3412 peregisse,

347 3433 442 3518 quim
457 3431 558 3496 solent
570 3430 705 3516 planetae
720 3431 753 3492 in
768 3429 876 3493 orbitis
891 3427 1035 3514 ellipticis
1049 3450 1106 3513 per
1121 3431 1343 3494 astronomiam
1355 3429 1490 3495 definitis
1504 3439 1638 3504 moveri.

349 3541 445 3608 Orbis
460 3543 552 3608 etiam
569 3552 699 3606 oometae
713 3540 767 3626 qui
782 3561 866 3604 anno
884 3545 976 3608 1723.
993 3539 1147 3624 apparuit,
1164 3563 1183 3603 a
1201 3537 1245 3606 D.
1262 3539 1410 3605 Bradleio
1421 3542 1640 3610 Astronomioe

347 3649 432 3735 apud
448 3649 645 3716 Oxonienses
662 3647 842 3712 Professore
856 3657 1053 3730 computatus
1068 3643 1220 3730 adjicitur.

440 3891 535 3939 Dalm
545 3889 654 3944 urant
665 3889 722 3938 Jnn·
738 3889 775 3934 ta.
790 3889 886 3934 tras-⁶.

1333 4023 1385 4090 rs.
1409 4023 1634 4092 uatvrou.
1760 3997 1761 4025 ¹
