3580 5866
324 522 368 568 ‚a
890 511 1115 581 uarrorus
1208 472 1215 500 ⁸

321 695 355 747 et
369 681 443 748 inde
458 680 675 748 concludimus
689 682 824 769 corpora
838 683 992 762 universa,
1016 685 1111 752 etism
1131 683 1241 752 iliade
1255 685 1369 774 quibus
1383 687 1617 790 observationes

320 815 385 858 nou
407 793 570 873 habemus,
594 807 724 862 extensa
748 819 818 862 csse
843 809 876 863 et
899 797 1029 864 mobilia
1054 809 1087 864 et
1109 797 1365 882 impenetrabilia.
1411 797 1462 862 Ita
1485 819 1619 882 corpora

319 905 425 971 omnia
439 919 513 971 aunt
532 909 649 995 gravia,
673 908 843 996 dequibus
863 909 1095 975 observationes
1119 908 1290 974 babemus:
1313 920 1346 974 et
1366 906 1442 972 inde
1457 906 1618 974 concludi-

318 1035 389 1080 mus
403 1036 538 1101 corpora
552 1018 707 1098 universa,
730 1020 825 1084 etiam
840 1020 895 1084 illa
911 1020 952 1086 de
976 1020 1089 1107 quibus
1114 1019 1347 1086 observationes
1364 1041 1429 1084 non
1451 1018 1616 1095 babemus,

319 1124 426 1211 gravia
441 1147 518 1188 esse.
566 1127 600 1191 si
616 1127 685 1212 quis
703 1126 788 1192 dicat
802 1151 936 1213 corpora
957 1127 1118 1192 stellarum
1139 1128 1345 1192 inerrantium
1365 1149 1431 1192 non
1452 1150 1521 1192 esse
1543 1149 1618 1216 gra-

319 1231 379 1309 via,
407 1232 665 1319 quandoquidem
690 1256 802 1300 eorum
826 1237 962 1324 gravitas
985 1236 1128 1300 nondum
1152 1249 1201 1302 est
1225 1235 1406 1314 observem
1432 1237 1545 1304 eodem
1567 1260 1618 1304 ar·

269 1389 273 1396 .
318 1355 471 1430 gumento
493 1341 599 1406 dicere
620 1341 727 1408 licebit
749 1365 853 1430 neque
874 1355 1005 1410 extensa
1027 1367 1106 1422 esse,
1127 1367 1186 1409 nec
1200 1344 1339 1422 mobilia,
1356 1367 1416 1410 nec
1429 1346 1618 1432 impenetra-

317 1451 404 1528 bilia,
422 1451 497 1514 cuim
518 1450 570 1514 hoe
588 1452 725 1516 fixarum
744 1451 926 1518 affectiones
946 1451 1090 1518 nondum
1112 1452 1175 1518 sint
1196 1452 1379 1518 observatae.
1427 1453 1515 1531 Quid
1538 1475 1618 1539 opus

320 1577 369 1630 est
383 1559 509 1628 verbis?
529 1563 613 1626 inter
631 1563 796 1649 primarias
814 1564 979 1650 qualitates
995 1585 1164 1649 corporum
1185 1562 1404 1627 universorum
1418 1562 1468 1627 vel
1482 1563 1618 1650 gravim

317 1669 448 1736 habebit
461 1670 589 1747 locum3
611 1670 662 1734 vel
678 1671 832 1748 extensio,
845 1671 1014 1750 mobilitas,
1032 1685 1064 1736 et
1078 1671 1357 1756 impenetrabilitas
1369 1693 1434 1734 non
1445 1670 1619 1737 habebunt.

319 1779 363 1844 Et
378 1791 491 1842 natura
505 1799 612 1844 rerum
626 1779 676 1860 vel
690 1778 776 1843 recte
791 1779 1001 1866 explicabitur
1015 1803 1074 1866 per
1089 1802 1260 1866 corporum
1273 1781 1469 1870 gravitatem,
1488 1778 1539 1844 vel
1553 1801 1620 1844 non

317 1889 402 1954 recte
417 1891 625 1974 explicabitur
637 1913 697 1976 per
711 1911 881 1975 corponun
896 1891 1123 1970 extensionem,
1140 1889 1361 1968 mobilitatem,
1382 1901 1415 1954 et
1428 1889 1619 1974 impenetra-

316 1999 481 2066 bilitatem.

361 2109 469 2174 Audio
477 2110 647 2174 nonnullos
661 2110 744 2175 hanc
758 2111 939 2196 improbare
953 2109 1198 2188 conclusionem,
1222 2121 1254 2174 ct
1276 2109 1317 2173 de
1332 2107 1464 2174 occultis
1486 2107 1620 2194 qualita-

316 2218 400 2282 tibus
415 2217 521 2282 nescio
536 2217 612 2304 quid
627 2219 801 2284 mussitare
849 2218 1047 2284 Gravitatem
1062 2217 1181 2283 scilicet
1193 2216 1431 2282 occultumesse
1442 2216 1531 2302 quid,
1545 2239 1620 2301 par·

315 2325 413 2410 petud
437 2325 575 2412 argutari
601 2324 723 2402 solent3
746 2325 888 2390 occultas
908 2325 985 2392 verb
1010 2349 1121 2391 causas
1145 2325 1259 2411 procul
1284 2348 1353 2392 ease
1379 2324 1571 2413 ablegandus
1600 2347 1620 2388 a

315 2435 526 2522 philosophid.
573 2437 637 2500 His
662 2448 768 2518 autem
788 2435 879 2500 facili
899 2435 1127 2520 respondetur;
1150 2435 1289 2500 occulus
1316 2457 1385 2500 esse
1411 2457 1532 2512 causas,
1554 2455 1620 2500 non

316 2541 385 2608 illas
395 2545 523 2630 quidem
538 2565 672 2630 quarum
686 2543 853 2609 existentia
862 2565 921 2629 per
935 2543 1170 2609 observationes
1189 2542 1619 2622 clarissimt‘demonsuaua,

316 2653 373 2720 sed
386 2653 444 2718 has
458 2651 563 2718 'soldrn
578 2677 711 2740 quarum
726 2655 851 2718 occulta
867 2667 915 2718 est
938 2666 970 2718 et
989 2653 1064 2718 fictu
1081 2653 1249 2718 existentia
1270 2651 1414 2717 nonduim
1432 2653 1508 2720 verb
1531 2675 1620 2718 com-

314 2762 457 2846 probata.
504 2761 652 2826 Gravitas
667 2781 745 2846 ergo
759 2781 824 2824 non
834 2757 895 2824 erit
908 2759 1033 2823 occulta
1044 2771 1137 2826 causa
1149 2771 1293 2824 motuum
1303 2759 1499 2838 celestium-3
1522 2761 1621 2847 siqui·

315 2871 389 2936 dem
411 2891 451 2934 ex
471 2867 689 2954 phoenouuenis
713 2879 876 2934 ostensum
898 2879 957 2946 eat,
979 2867 1063 2932 hanc
1084 2869 1233 2934 virtutem
1249 2867 1360 2934 reveri
1373 2870 1519 2936 existere.
1570 2869 1620 2936 Hi

314 2977 419 3062 potius
434 2976 475 3042 ad
497 2975 635 3041 occultus
650 2975 837 3064 confligiunt
856 2997 976 3054 causae,
999 2977 1055 3063 qui
1080 2977 1188 3041 nescio
1211 2999 1291 3064 quos
1307 2980 1452 3058 vortices,
1476 2980 1619 3046 materiae

315 3085 478 3170 cujusdam
492 3083 622 3170 prorsuis
637 3082 757 3148 fictitiae
771 3095 804 3148 et
824 3084 968 3149 sensibus
983 3083 1114 3148 omnino
1134 3083 1263 3173 ignotae,
1286 3087 1425 3182 motibus
1440 3087 1552 3153 iisdem
1567 3111 1619 3152 rc·

316 3193 627 3282 gendispraeficiunt.
692 3239 695 3247 ·

360 3301 480 3368 Ideone
495 3317 600 3366 autem
618 3303 755 3390 gravitas
775 3301 899 3366 occulta
913 3323 1008 3366 causa
1022 3301 1156 3382 dicetur,
1169 3325 1270 3390 eoque
1285 3305 1414 3370 nornine
1428 3307 1586 3392 rejicietur
1600 3327 1619 3371 e

314 3407 526 3495 philosophici,
549 3409 635 3496 quod
650 3431 743 3474 causa
757 3409 854 3496 ipsius
869 3409 1031 3498 gravitatis
1050 3411 1174 3475 occulta
1191 3423 1240 3476 est
1257 3425 1289 3478 et
1306 3413 1448 3478 nondum
1467 3413 1618 3480 inventa?

316 3519 383 3598 Qui
407 3521 452 3584 sic
476 3531 627 3598 statuunt,
650 3518 778 3584 videant
802 3519 921 3607 nequid
944 3531 1084 3585 ambiant
1107 3521 1247 3600 absurdi,
1271 3522 1356 3588 unde
1376 3525 1472 3589 totius
1487 3525 1617 3590 tandem

314 3625 524 3714 philosophie
534 3627 739 3692 fiandamenta
748 3629 973 3694 convellantur.
1020 3629 1147 3694 Etenim
1159 3651 1262 3694 causae
1277 3631 1428 3698 continuo
1442 3655 1527 3700 nexu
1542 3657 1618 3720 pro·

315 3739 428 3804 cedere
442 3739 579 3802 scienta
593 3739 776 3823 compositis
791 3739 832 3803 ad
847 3739 1057 3824 simpliciora:
1081 3737 1137 3804 ubi
1152 3740 1192 3804 ad
1209 3759 1334 3806 causam
1353 3743 1615 3828 simplicissimam

313 3849 504 3935 perveneris,
515 3851 583 3934 jam
598 3871 662 3912 non
677 3848 783 3913 licebit
797 3847 929 3912 ulterids
944 3848 1104 3936 progredi.
1136 3849 1250 3914 causa
1264 3851 1362 3940 igitur
1376 3851 1616 3937 simplicissimae

314 3961 402 4026 nulla
420 3959 489 4024 dari
508 3971 614 4046 potest
633 3957 816 4023 mechanica
833 3957 1020 4043 explicatio:
1048 3959 1074 4022 si
1092 3957 1222 4024 damtnl·
1241 3961 1337 4039 enim,
1361 3983 1457 4026 causa
1472 3961 1616 4028 nondum

314 4081 397 4134 esset
412 4066 648 4152 simplicissima.
695 4067 767 4132 Has
782 4079 817 4130 tu
830 4065 965 4152 proinde
980 4087 1089 4131 causas
1108 4067 1353 4152 simplicissimas
1370 4070 1544 4156 appellabis
1562 4093 1616 4136 oc-

314 4183 424 4259 cultas,
441 4195 473 4246 et
488 4181 617 4246 exulare
627 4180 778 4267 jubebis?
801 4179 901 4246 Simul
916 4163 993 4244 verb
1007 4178 1182 4244 exulabant
1203 4191 1236 4244 et
1249 4182 1290 4246 ab
1304 4181 1354 4245 bis
1369 4179 1516 4267 proxime
1537 4203 1616 4268 pen·

314 4289 425 4354 dentes
435 4303 472 4356 ‘et
485 4313 558 4378 qua*
571 4290 612 4354 ab
629 4285 690 4352 illia
704 4287 802 4374 porrb
819 4287 969 4373 pendent,
990 4309 1091 4374 usque
1106 4287 1184 4351 dum
1198 4311 1219 4351 a
1238 4289 1340 4353 causb
1355 4289 1502 4354 omnibus
1516 4310 1616 4355 vacua

314 4397 408 4465 fuerit
422 4413 455 4464 et
467 4399 570 4485 probb
584 4409 720 4486 purgata
733 4381 945 4483 philosophia.

360 4509 443 4574 Sunt
465 4508 520 4593 qui
537 4509 721 4595 gravitatem
738 4517 856 4590 praeter
881 4517 1027 4570 naturam
1049 4527 1118 4570 esse
1135 4504 1255 4584 dicunt,
1279 4517 1312 4570 et
1334 4505 1522 4570 mbamrlum
1542 4523 1617 4590 per·

314 4633 444 4706 petuam
468 4633 593 4688 vocant.
641 4621 752 4706 ltaque
777 4617 980 4703 rejiciendam
1004 4639 1072 4682 esse
1091 4616 1213 4694 volunt,
1237 4613 1311 4680 edm
1329 4615 1363 4678 in
1381 4611 1512 4702 physici
1532 4633 1616 4699 pras·

314 4725 522 4792 tematurales
537 4749 641 4791 caure
655 4725 760 4791 locum
778 4747 844 4790 non
861 4725 1008 4791 habeant.
1055 4725 1145 4792 Huic
1161 4726 1279 4812 inepte
1295 4743 1427 4809 prorsus
1446 4719 1616 4811 objectioni
