3584 5864
267 561 329 623 teo
530 529 873 616 PHILOSOPHIAE
892 521 1169 596 retunsus
1256 512 1372 600 [Mor.
1395 511 1550 582 Gomon

280 726 285 734 '
308 729 349 794 ln
361 723 423 790 hic
435 717 658 808 propositione,
681 725 713 778 et
727 731 800 776 csso
811 703 948 774 sectmdo
965 693 1186 786 propositionis
1200 687 1368 776 superioris
1393 696 1552 756 construo·

268 839 365 904 tiones
378 831 497 898 etedem
508 838 588 904 nuit,
612 825 674 888 sire
688 832 774 885 recto
788 814 864 882 XY
877 807 1084 896 trejectorinm
1095 813 1178 867 secet
1201 799 1235 862 in
1251 797 1287 862 X
1300 805 1334 860 et
1347 795 1389 872 tt,
1412 794 1476 858 sire
1491 813 1555 857 non

268 954 366 1020 secet,
389 959 495 1024 eaeque
509 955 573 997 non
587 929 727 1016 pendent
745 925 785 989 ab
798 922 859 986 bric
882 916 1028 984 sectione.
1075 909 1139 975 Sed
1152 901 1371 972 demonstretis
1392 911 1555 964 construc-

269 1049 404 1116 tionibus
418 1045 472 1110 ubi
486 1053 571 1106 reeta
584 1037 638 1102 ille
656 1029 862 1119 deiectorittm
888 1033 981 1100 secar,
1004 1021 1202 1084 humescunt
1225 1007 1478 1084 constructiones,
1500 1005 1555 1069 ubi

268 1181 331 1224 non
346 1165 448 1229 secnt;
470 1151 568 1238 iisque
582 1145 664 1210 ultre
676 1131 926 1206 demonstrandis
933 1126 1093 1196 brevitatis
1106 1120 1206 1211 grotti
1216 1141 1282 1184 non
1296 1117 1454 1180 immoror.

759 1455 935 1530 LEMMA
959 1449 1076 1530 XXII.

536 1719 665 1804 iigtoar
679 1714 712 1776 in
725 1711 805 1776 atriu
818 1705 941 1794 piendam
959 1699 1075 1786 generis
1086 1695 1209 1780 Jigwas
1217 1698 1341 1756 midan.

318 1959 573 2032 Transmutnnds
586 1958 626 2022 sit
639 1955 740 2042 figme
765 1946 881 2036 qumvis
897 1941 934 2014 H
950 1941 984 2008 G
1007 1939 1034 2004 1.
1077 1937 1244 2002 Ducentur
1268 1950 1329 2016 pro
1354 1927 1455 1992 lubitu
1469 1935 1563 2002 reete

273 2073 346 2140 rue
364 2068 520 2157 posuere
536 2067 567 2129 A
582 2061 624 2140 o,
641 2035 845 2124 onmem
859 2042 1160 2138 qtrsmvispositione
1173 2037 1319 2104 eumn
1336 2033 1365 2102 n
1380 2031 1563 2098 manen

267 2177 300 2242 A
319 2192 351 2243 et
366 2177 405 2257 B,
421 2188 454 2240 et
466 2197 487 2238 a
499 2173 610 2260 figurae
622 2176 740 2251 puncto
754 2161 862 2250 quovis
877 2158 921 2235 G,
937 2155 1105 2220 adrentum
1121 2147 1192 2213 AB
1206 2145 1337 2210 ducetur
1347 2141 1463 2229 qumvis
1475 2137 1562 2216 GD,

272 2285 337 2372 ipsi
365 2284 397 2349 0
423 2283 454 2346 A
474 2277 631 2364 parallelo.
677 2271 803 2338 Deinde
830 2289 850 2332 s
873 2273 991 2350 puncto
1015 2259 1120 2344 eiiquo
1142 2252 1185 2332 O,
1220 2253 1254 2316 in
1273 2252 1357 2318 lines
1379 2251 1458 2316 ΟΑ
1479 2249 1563 2328 dato,

275 2391 314 2458 ed
330 2400 480 2476 punctum
490 2386 524 2451 D
536 2383 667 2448 ducetur
681 2399 748 2442 reo-

276 2504 308 2559 te
322 2491 354 2558 0
369 2493 414 2570 D,
430 2488 490 2574 ipsi
501 2487 529 2552 B
542 2487 570 2550 L
582 2501 746 2547 occurrens

165 2659 168 2668 ,
276 2599 310 2664 in
324 2600 356 2678 d,
379 2611 443 2663 eta
466 2605 584 2680 puncto
598 2609 745 2654 occursus

278 2705 415 2790 erigatur
439 2711 523 2767 recto
552 2695 573 2776 d
595 2717 617 2782 g
637 2693 745 2760 datum

278 2806 417 2898 quemvis
431 2802 580 2890 sngtdum
591 2820 663 2864 cum
678 2816 745 2860 rec·

278 2913 311 2980 tri
342 2911 423 2978 BL
451 2909 622 2986 oondneus,
654 2915 745 2989 etque

280 3042 349 3086 eam
378 3017 496 3082 hebens
521 3013 672 3080 rationem
704 3006 746 3074 ed

282 3123 314 3190 O
336 3122 465 3208 dquam
486 3117 581 3184 hebet
594 3115 628 3180 D
651 3113 684 3178 G
705 3109 747 3176 sd

282 3229 315 3295 Ο
330 3229 382 3304 D;
405 3236 436 3290 et
446 3223 505 3290 erit
518 3246 540 3311 g
553 3233 703 3310 punctum
713 3219 746 3284 in

282 3333 383 3424 figuris
405 3330 485 3398 nori
505 3329 529 3394 h
550 3353 572 3416 g
593 3329 604 3391 i
631 3336 748 3412 puncto

283 3439 319 3503 G
368 3434 568 3520 respondens.
628 3429 748 3497 Eidem

284 3544 405 3614 rodone
429 3552 545 3627 puncto
568 3537 691 3626 singule
711 3536 749 3600 ii·

285 3671 374 3738 gurae
387 3647 498 3733 primm
519 3645 638 3712 debunt
650 3665 749 3728 punc-
769 3639 802 3704 A

288 3768 322 3820 ts
356 3752 487 3818 totidem
524 3751 635 3840 figurae
654 3771 753 3816 novoe.
798 3753 938 3837 Concipe
980 3751 1077 3840 igitur
1109 3763 1260 3836 punctum
1306 3751 1338 3818 G
1378 3768 1466 3820 motu
1503 3775 1575 3818 con·

289 3861 380 3926 tinno
402 3879 584 3942 percurrere
606 3869 723 3941 puncto
758 3858 863 3922 omnis
892 3860 1001 3946 figure
1040 3858 1162 3944 primoe,
1199 3869 1231 3921 et
1255 3871 1406 3944 punctum
1427 3883 1450 3947 g
1487 3869 1575 3922 moto

290 3967 399 4033 itidem
414 3965 562 4030 continuo
575 3975 736 4048 percurret
750 3977 865 4049 puncta
876 3965 981 4030 omnia
995 3963 1105 4051 figurae
1115 3986 1206 4028 norm
1221 3977 1254 4030 et
1268 3965 1399 4032 eandem
1412 3963 1577 4030 describet.

292 4072 511 4141 Distinctionis'
530 4071 631 4162 grstii
644 4071 840 4134 nominemus
855 4071 889 4134 D
913 4069 946 4135 G
961 4069 1135 4134 ordinatum
1156 4070 1298 4154 primam,
1321 4071 1344 4138 d
1364 4069 1577 4158 gordinstnm

293 4202 427 4258 novnnr3
451 4177 527 4246 AD
550 4177 715 4242 abscissam
735 4179 878 4263 primam,
901 4177 1140 4243 sdsbscisssm
1158 4198 1291 4254 novnm3
1313 4177 1473 4262 Opolum,
1498 4178 1578 4242 OD

292 4287 416 4351 radium
440 4284 683 4362 abscindentem,
707 4282 739 4349 0
755 4281 922 4348 Aradium
944 4281 1121 4351 ordinatum
1134 4283 1279 4367 primurn,
1305 4295 1337 4350 et
1351 4283 1383 4348 0
1397 4307 1418 4349 e
1432 4289 1509 4371 (quo
1521 4305 1579 4370 ptr·

294 4393 578 4480 rettetogrammum
592 4390 626 4458 0
640 4389 710 4456 AB
724 4413 744 4454 s
757 4390 943 4474 completur)
959 4389 1081 4454 radium
1090 4390 1267 4454 ordinatum
1280 4412 1406 4454 novum.

339 4500 422 4565 Dico
431 4499 498 4582 jam
512 4497 607 4582 quod,
631 4497 657 4561 si
671 4507 822 4581 punctum
837 4497 870 4561 G
892 4498 993 4585 tangit
1017 4509 1134 4562 rectam
1158 4498 1272 4562 lineum
1294 4496 1448 4582 positione
1462 4497 1579 4575 datmn,

297 4617 447 4688 punctum
460 4625 483 4691 g
496 4613 603 4690 tanget
625 4603 718 4668 etiem
736 4601 851 4667 lineam
865 4617 982 4670 rectem
996 4606 1150 4691 positione
1163 4605 1278 4670 domm.
1324 4605 1359 4672 Si
1380 4617 1529 4690 punctum
1546 4604 1582 4670 G

299 4711 399 4796 erigit
423 4709 562 4774 corticem
584 4713 752 4776 sectionem
768 4721 920 4794 punctum
933 4735 956 4800 g
970 4724 1081 4800 tanget
1105 4711 1197 4776 etism
1226 4713 1367 4780 conicam
1402 4711 1584 4784 sectionem.

302 4815 425 4880 Conicis
441 4815 626 4882 sectionibus
641 4815 692 4881 bic
707 4819 856 4884 circulum
871 4840 1051 4884 annumero.
1097 4817 1196 4882 Porro
1211 4819 1236 4881 si
1257 4831 1407 4903 punctum
1425 4819 1458 4884 G
1484 4819 1584 4906 tangit
