3580 5866
818 951 860 1000 IN

616 1155 701 1214 vnu
722 1153 1073 1220 PRAESTANTISSIMI

470 1363 755 1452 ISAACI
787 1349 1213 1462 'NEWTONI

296 1619 438 1698 orus
470 1615 651 1698 uoces
677 1592 1381 1723 MATuumamcorursrcum

623 1849 729 1892 sucum
743 1851 915 1902 GEN'HBQUB
929 1851 1058 1896 NOSTRAE

545 2045 750 2113 DECUS
786 2049 1135 2118 EGREGIUM.

762 2321 927 2341 ΜἋἊ

329 2497 406 2590 Ea
420 2525 475 2589 au
489 2547 601 2592 norma
614 2525 689 2609 pou,
707 2536 738 2590 et
752 2524 833 2588 dna
848 2525 1014 2589 libramina
1029 2524 1129 2602 moin,

331 2632 506 2717 computus
521 2655 560 2696 en
577 2634 681 2709 Jovis3
696 2645 728 2698 et
743 2657 830 2720 quas,
847 2633 923 2697 dum
937 2633 1110 2718 primordia
1124 2655 1229 2700 rerum

327 2737 497 2826 Pangeret,
512 2740 712 2824 omniparens
726 2739 811 2828 leges
825 2740 942 2804 violare
960 2739 1092 2804 Creator

327 2845 451 2924 Noluit,
470 2859 563 2932 atque
579 2869 709 2931 operum
724 2870 796 2934 quae
809 2845 1011 2910 fundamenta
1024 2845 1143 2912 londrit.

329 2954 448 3019 intima
461 2954 643 3039 panduntur
657 2937 734 3020 victi
744 2957 915 3042 penetralia
935 2955 1015 3033 coeli,

330 3064 403 3132 Nec
417 3066 493 3130 latet
507 3078 664 3130 exuemus
679 3087 750 3152 quae
764 3067 810 3130 vis
826 3065 1027 3129 circumrorat
1040 3065 1142 3131 orbes.

336 3173 394 3238 Sol
407 3174 482 3238 solio
496 3175 636 3240 residens
651 3175 693 3239 od
707 3198 740 3240 se
749 3175 840 3260 jubet
854 3175 960 3238 omnia
973 3196 1075 3260 prono

336 3277 482 3344 Tendere
494 3281 655 3360 descensu,
671 3303 730 3345 nec
744 3293 830 3346 recto
844 3282 967 3346 tramite
982 3303 1092 3346 currus

333 3385 479 3452 Sidereos
492 3389 609 3474 patitur
624 3399 744 3452 vastum
758 3390 924 3473 perinane
938 3390 1057 3492 moveri
1065 3413 1075 3468 3

332 3493 396 3558 Sed
412 3495 493 3578 rapit
506 3493 652 3570 immotis,
670 3505 835 3571 secenum,
852 3493 974 3582 singula
988 3495 1083 3581 gyris.

328 3600 402 3664 Jsm
416 3613 503 3684 patet
513 3600 667 3664 horrificis
682 3624 752 3688 quae
767 3601 807 3665 sit
820 3603 870 3664 vie
884 3602 967 3664 fiexa
981 3601 1127 3678 cometis3

327 3707 402 3774 Jam
417 3731 481 3773 non
496 3711 647 3775 miramur
658 3711 781 3775 barbati
794 3710 1002 3795 phaenomena
1015 3711 1099 3774 astri.

331 3819 492 3884 Discimus
506 3819 580 3884 hinc
594 3818 720 3884 tandem
736 3819 796 3904 qud
812 3817 904 3882 causi
920 3828 1067 3906 argentee
1085 3815 1202 3881 Phoebe

332 3925 481 3992 Passibus
496 3925 582 3992 haud
596 3929 694 4014 aequis
708 3927 868 4015 graditur3
885 3948 941 3991 cur
955 3923 1080 3990 subdita
1094 3925 1171 3988 nulii

331 4037 499 4103 Hactenus
513 4052 693 4103 astronomo
707 4058 911 4101 numerorum
925 4034 1025 4098 fraena
1044 4045 1184 4098 recuset:

330 4143 399 4208 Cur
412 4159 554 4210 remeant
566 4146 651 4220 nodi,
669 4167 786 4231 curque
801 4166 896 4231 auges
910 4142 1164 4230 progrediuntur.

330 4251 492 4316 Discimus
507 4263 539 4316 et
553 4253 675 4338 quantis
691 4251 821 4315 refluum
837 4273 918 4336 vaga
934 4247 1070 4334 Cynthia
1083 4259 1214 4333 pontum

331 4359 461 4424 Viribus
476 4361 617 4444 impellit,
632 4360 721 4426 fessis
736 4360 812 4424 dum
826 4359 971 4423 fluetibus
981 4358 1092 4446 ¹ulvam

331 4463 471 4545 Deserit,
489 4491 525 4532 oc
540 4467 642 4532 nautis
657 4478 815 4558 suspectas
830 4465 929 4530 nudat
943 4487 1073 4541 arenas3

333 4572 474 4638 Alternis
489 4575 607 4640 vicibus
622 4597 767 4660 suprema
779 4573 821 4639 ad
835 4575 940 4638 littore
954 4572 1091 4656 pulsans.
