3580 5866
680 513 958 582 rumetum.-
1248 511 1253 520 ·
1308 529 1312 540 ¹
1382 517 1448 598 :vn

139 709 173 752 su
185 685 228 750 ud
245 695 411 763 monto,
430 685 571 752 diminui
587 687 621 752 in
635 709 760 754 recessu
767 690 814 756 ab
830 689 961 756 eodem:
984 701 1018 754 et
1030 689 1138 778 augeri
1150 689 1277 776 quidem
1291 689 1323 754 in
1338 689 1447 755 eadem
1486 755 1487 764 ,

138 797 339 886 proportione
356 825 431 889 que
447 802 637 874 diminuitur
651 804 836 892 quudmtum
851 805 1017 882 distantiae,
1034 803 1166 866 diminui
1186 803 1220 866 in
1241 803 1352 866 eadem
1373 825 1448 887 pro·

140 907 278 993 portione
300 911 370 996 quui
395 911 564 982 distantioe
589 913 778 999 quadratum
801 925 944 1001 augetur.
990 901 1172 976 Videamus*
1182 913 1260 995 jam,
1285 932 1448 994 compara-

140 1021 222 1084 tione
234 1017 387 1084 instituta
399 1021 493 1088 inter
506 1022 705 1108 planetarum
720 1023 803 1087 vires
828 1024 1015 1108 centripetas
1031 1033 1063 1086 et
1077 1022 1140 1084 vim
1155 1007 1326 1108 gravitatis,
1343 1037 1447 1084 aunon

140 1129 279 1214 ejusdem
292 1129 387 1195 forte
411 1132 639 1220 sint'generis.
685 1132 837 1216 Ejusdem
858 1130 933 1196 verb
952 1130 1077 1218 generis
1099 1141 1201 1205 erunt,
1226 1129 1252 1192 si
1273 1127 1448 1212 deprehen·

142 1237 256 1303 dantur
270 1237 349 1304 hinc
365 1252 403 1304 et
420 1240 501 1304 inde
516 1240 602 1327 leges
617 1241 748 1318 eaedcnr,
773 1243 955 1328 eaedemque
977 1229 1167 1304 affectiones.
1209 1238 1321 1302 ‘Primb
1343 1240 1448 1326 itaque

141 1345 236 1423 lours,
259 1369 336 1434 quse
351 1348 454 1412 nobis
470 1349 618 1433 proxime
631 1362 688 1426 est,
711 1351 775 1414 vim
790 1351 995 1436 centripetum'
1010 1348 1233 1434 expendamus.

185 1456 302 1540 &etis
315 1457 497 1536 rectilineo,
515 1479 587 1544 quoe
601 1481 620 1521 a
634 1458 819 1544 corporibus
834 1484 853 1524 e
868 1461 972 1547 quiete
987 1458 1129 1523 demissis
1142 1457 1219 1520 dato
1234 1439 1379 1540 tempore·
1389 1456 1448 1519 sub

146 1566 220 1650 ipso
249 1579 356 1630 motus
382 1566 479 1631 initio
502 1566 733 1646 describuntur,
756 1570 811 1634 ubi
837 1569 995 1634 s'viribus
1021 1569 1259 1654 quibuscunque
1282 1575 1448 1653 urgentur,

148 1677 404 1760 proportionalia
423 1679 590 1763 metipsis
613 1679 751 1742 viribus:
774 1679 836 1743 hoc
857 1681 965 1766 ntique
987 1678 1188 1764 consequitur
1208 1697 1249 1741 ex
1276 1675 1450 1739 ratiociniis

154 1783 397 1850 mathematicis.
446 1763 519 1849 Erit
532 1786 628 1874 igitur
642 1786 689 1850 vis
709 1777 882 1872 centripete
896 1787 980 1850 lunae
1002 1787 1035 1852 in
1057 1785 1158 1849 orbitis
1174 1773 1231 1848 sut
1246 1783 1446 1859 revolventis,

150 1893 189 1956 ad
209 1893 274 1956 rim
297 1895 469 1980 gravitatis
490 1895 524 1958 in
545 1895 711 1980 superficie
734 1909 836 1974 terne,
863 1907 899 1960 ut
921 1897 1055 1982 spatium
1081 1895 1166 1982 quod
1188 1881 1330 1979 tempore
1352 1892 1447 1980 quim

149 2001 282 2068 minium
298 2003 501 2068 describeret
522 2003 598 2068 luna
620 2004 843 2072 descendendo
864 2007 1007 2092 pervim
1030 2006 1236 2089 centripetam
1258 2001 1366 2070 versus
1389 2017 1452 2068 ter-

151 2113 229 2191 ram,
256 2113 284 2178 si
314 2113 464 2177 circulari
492 2113 580 2178 omni
609 2127 698 2178 motu
723 2115 841 2201 privari
861 2115 1036 2204 fingeretur
1060 2115 1101 2179 ed
1124 2115 1260 2200 spatium
1283 2115 1370 2200 quod
1393 2137 1448 2179 eo·

152 2221 226 2284 dem
250 2233 398 2306 tempore
424 2221 521 2308 quim
545 2223 676 2287 minimo
710 2223 860 2288 describit
884 2245 980 2312 grave
1003 2241 1117 2308 corpus
1137 2225 1176 2286 ‘in
1206 2221 1319 2287 viciniis
1347 2235 1451 2302 terrae,

153 2351 212 2416 per
225 2331 294 2394 rim
305 2331 469 2418 gravitatis
484 2353 551 2394 sure
566 2331 718 2397 cadendo.
765 2335 896 2400 Horum
911 2335 1084 2420 spatiorum
1099 2335 1187 2419 prius
1203 2334 1325 2420 oequale
1340 2347 1388 2397 est
1402 2355 1453 2396 ur·

156 2439 213 2503 cius
227 2463 249 2504 s
259 2441 342 2506 lune
353 2439 510 2527 peridem
525 2455 651 2527 tempus
661 2442 813 2527 descripti
823 2445 911 2510 ‘sinui
925 2464 1027 2521 verso,
1052 2445 1169 2528 quippe
1184 2444 1238 2527 qui
1253 2441 1337 2504 lunae
1352 2453 1453 2504 uerus-

159 2545 316 2612 tattonem
331 2548 371 2613 de
384 2561 538 2638 turgente,
555 2549 669 2616 ‘iactum
680 2575 700 2615 e
713 2551 745 2614 vi
760 2551 942 2635 cenntpeta
958 2549 1099 2626 metitum
1122 2560 1217 2635 etque
1232 2545 1312 2610 otleb
1324 2563 1455 2632 compu-

160 2654 225 2718 turi
233 2668 341 2740 potest
355 2679 395 2723 ex
411 2657 491 2724 detis
512 2658 582 2724 tum
607 2660 692 2725 lunoe
715 2671 858 2746 tempore
880 2657 1053 2744 periodioo,
1077 2655 1145 2721 tum
1171 2643 1320 2722 distentia
1344 2657 1411 2741 ejus
1435 2679 1455 2720 e

161 2775 272 2826 centm
282 2777 385 2830 terrm.
431 2765 579 2852 Spatium
592 2769 749 2852 posterius
761 2766 920 2832 invenitur
933 2788 992 2852 per
1001 2755 1218 2850 experimenta
1231 2765 1453 2851 pendulornm,

159 2875 425 2958 quamadmodum
440 2876 550 2942 docuit
570 2877 749 2965 Hugenius.
797 2877 879 2946 Inito
917 2877 1023 2964 itaque
1050 2875 1181 2954 calculo,
1206 2877 1344 2961 spatium
1365 2877 1454 2962 prius

161 2978 203 3042 ud
218 2984 352 3065 spatium
363 2984 532 3068 posterius,
549 3005 603 3049 seu
617 2985 665 3048 vis
680 2985 855 3069 centripeta
868 2984 953 3048 lunae
968 2985 1002 3048 in
1018 2984 1120 3049 orbita
1131 2971 1194 3048 ¹suu
1208 2984 1397 3049 revolventis
1413 2982 1454 3049 ud

160 3087 225 3152 vim
236 3092 395 3178 gravitatis
410 3093 443 3156 in
459 3093 623 3177 superficie
637 3107 741 3171 terrae,
766 3095 826 3158 crit
847 3105 885 3159 nt
905 3093 1093 3180 quadratum
1117 3093 1339 3158 semidiametri
1362 3105 1456 3157 terrae

164 3195 207 3260 ad
216 3199 329 3264 orbitae
344 3200 567 3266 semidiametri
582 3202 780 3289 quadratum.
819 3203 961 3268 Eandem
975 3202 1072 3267 habet
1086 3203 1250 3280 rationem,
1266 3225 1325 3288 per
1336 3225 1373 3266 eo
1384 3223 1456 3288 quoe

165 3304 315 3389 superius
341 3309 555 3388 ostenduntur,
577 3310 624 3374 vis
647 3312 820 3397 centripeta
842 3311 926 3375 lunae
948 3311 982 3376 in
1004 3311 1108 3376 orbita
1129 3333 1186 3376 suc
1208 3311 1394 3376 revolventis
1415 3311 1456 3376 od

162 3413 226 3477 rim
242 3414 330 3479 lurue
352 3419 558 3503 centripetam
581 3418 683 3505 prope
706 3433 799 3484 terrae
822 3419 1030 3505 superficiem.
1076 3419 1133 3484 Vis
1153 3420 1259 3508 itaque
1285 3401 1458 3506 centripeta

162 3523 265 3610 prope
280 3539 373 3598 terrm
389 3528 590 3612 superficiem
605 3529 734 3615 aequalis
750 3541 799 3594 cst
813 3530 843 3593 vi
857 3532 1027 3618 gravitatis.
1061 3531 1137 3596 Non
1148 3554 1226 3618 ergo
1240 3531 1372 3596 diversae
1385 3545 1458 3596 sunt

163 3632 258 3710 vires,
284 3635 341 3699 sed
355 3655 419 3700 uno
434 3647 529 3722 etque
543 3636 666 3715 eedem,
683 3637 709 3702 si
724 3639 809 3702 enirn
823 3637 958 3705 diversae
973 3651 1087 3717 essent,
1104 3661 1239 3725 corpore
1249 3640 1366 3706 viribus
1382 3663 1457 3706 con-

158 3743 280 3828 junctis
307 3743 406 3830 duplb
430 3745 566 3810 celerius
589 3747 622 3810 in
646 3758 763 3812 terrem
786 3747 935 3813 caderent
958 3747 1051 3836 quim
1078 3771 1119 3814 ex
1144 3751 1175 3813 vi
1199 3751 1264 3815 sold
1284 3753 1456 3841 gravitatis.

164 3853 299 3920 Cortum
313 3856 411 3944 igitur
425 3857 486 3922 vim
508 3856 595 3920 illam
609 3859 825 3942 centripetam‚
850 3858 911 3945 qui
930 3859 1006 3922 luna
1019 3857 1174 3946 perpetub
1189 3859 1230 3925 de
1245 3874 1393 3950 tangente
1408 3859 1457 3925 vel

164 3964 303 4030 cahinr
314 3965 365 4030 vel
374 3965 549 4050 impellitur
560 3975 592 4031 et
607 3967 639 4030 in
654 3968 757 4032 orbita
771 3968 933 4046 retinetur,
949 3968 1050 4054 ipsum
1065 3991 1134 4034 esse
1149 3969 1213 4034 vim
1224 3969 1384 4058 gravitatis
1395 3983 1466 4064 ter·¹

162 4075 273 4139 restris
288 4074 330 4139 ed
344 4075 454 4139 lunum
469 4097 569 4162 usque
583 4075 824 4164 pertingentem.
871 4075 914 4140 Et
928 4077 1042 4140 rationi
1063 4075 1191 4164 quidem
1214 4089 1458 4141 consentaneum

163 4183 462 4271 estutadingentes
473 4183 638 4248 distantias
653 4184 784 4251 illesese
795 4185 895 4250 virtus
907 4184 1066 4264 extendet,
1081 4184 1153 4250 culm
1170 4186 1290 4250 nullum
1305 4186 1370 4270 ejus
1387 4202 1458 4248 sen·

163 4292 287 4359 ribilem
303 4292 570 4370 imminutionem,
587 4293 636 4358 vel
651 4293 684 4357 in
705 4291 863 4358 altissimis
879 4295 1035 4359 montium
1050 4295 1274 4370 cunnninibus
1291 4293 1459 4358 observare

162 4403 247 4470 licet.
294 4403 446 4470 Gravitct
461 4403 566 4490 itaque
580 4403 657 4468 luna
671 4404 704 4467 in
719 4415 856 4468 terramz
873 4404 957 4491 ‚quin
972 4415 1005 4470 et
1019 4405 1142 4469 actione
1163 4415 1283 4481 mutue,
1307 4417 1392 4467 terra
1413 4403 1460 4468 vi·

162 4515 268 4580 oiseim
290 4515 324 4579 in
340 4513 452 4578 lunam
467 4513 628 4612 [equaliter
639 4516 789 4604 gravitat3
817 4513 851 4578 id
867 4513 952 4600 quod
968 4514 1093 4578 abunde
1110 4511 1239 4600 quidem
1253 4512 1458 4579 continuatur

164 4623 195 4688 in
210 4623 271 4691 hec
284 4621 505 4712 philosophici,
528 4622 583 4687 ubi
597 4623 700 4712 egitur
715 4621 756 4687 de
770 4623 865 4687 meris
887 4635 968 4688 oestu
991 4633 1024 4688 et
1045 4621 1305 4708 aequinoctiorum
1323 4641 1460 4707 praeces·

168 4733 259 4813 sione,
286 4733 330 4799 cb
346 4731 475 4796 actione
495 4744 561 4796 tum
576 4731 661 4796 lunae
677 4743 746 4798 tum
761 4731 835 4797 solis
851 4732 1011 4797 interram
1023 4730 1185 4796 oriundus.
1231 4732 1321 4796 Hinc
1336 4744 1368 4796 et
1383 4727 1459 4797 illud

825 4844 842 4890 u
