3572 5854
200 559 315 627 Lrasn
331 560 494 638 Pontus]
541 557 783 626 PRINCIPIA
807 558 1181 626 MATHEMATICA.
1426 567 1492 624 828
1586 643 1588 662 Ι

201 750 234 802 et
247 757 331 802 arete
346 735 555 820 respondeant
569 733 772 818 temporibus
788 734 854 799 sine
868 725 985 813 errore,
1001 733 1135 820 quinon
1150 733 1189 798 sit
1204 732 1307 798 minor
1316 733 1424 820 quovis
1439 733 1495 799 da·

96 875 100 884 ,
200 859 244 907 to.
291 842 333 919 Q.
348 865 376 906 e.
391 863 422 907 0.

244 953 314 1016 Cre.
337 958 368 1014 2.
393 951 432 1036 (“)
457 951 627 1038 Fingamus
637 952 703 1036 jam
718 961 853 1038 systema
867 973 1035 1036 corporum
1049 951 1206 1015 minonrm
1221 949 1320 1030 modo
1336 952 1406 1035 jem·
1424 949 1495 1017 des·

199 1057 301 1140 cripta
315 1056 399 1120 circa
412 1057 585 1120 maximum
599 1057 833 1135 revolventium,
856 1055 980 1122 aliudve
1005 1055 1138 1143 quodvis
1160 1055 1294 1119 duorum
1320 1056 1436 1120 circum
1463 1075 1497 1120 se

198 1162 311 1228 mutub
325 1163 552 1228 revolventium
575 1185 743 1248 corporum
759 1175 894 1250 systema
907 1157 1056 1252 progredi
1072 1161 1268 1228 uniformiter
1282 1163 1315 1226 in
1330 1161 1496 1241 directum,

198 1282 230 1335 et
243 1271 364 1335 interea
377 1271 409 1333 vi
424 1271 565 1355 corporis
580 1269 707 1334 alterius
722 1268 816 1359 longe
831 1270 960 1335 maximi
976 1283 1009 1335 et
1030 1269 1070 1334 ad
1093 1291 1240 1357 magnam
1254 1269 1432 1336 distantiam
1447 1270 1499 1335 siti

198 1378 304 1464 urgeri
319 1377 361 1442 ad
374 1377 468 1442 lunas.
513 1375 557 1442 Et
571 1378 719 1462 quoniam
733 1377 870 1464 aequales
884 1377 965 1442 vires
979 1377 1221 1456 accelerstricos,
1237 1378 1350 1463 quibus
1364 1371 1498 1463 corbora

198 1483 369 1548 meandum
384 1483 482 1548 lineas
495 1483 659 1568 parallelas
674 1497 837 1572 urgentur,
852 1505 917 1548 non
931 1495 1056 1550 mutant
1069 1485 1146 1550 situs
1166 1505 1334 1568 corporum
1355 1485 1397 1550 ad
1418 1486 1497 1550 invi·

201 1611 281 1668 cem,
297 1589 353 1655 sed
367 1601 404 1654 ut
416 1603 553 1676 systema
566 1602 678 1669 totum,
695 1591 824 1656 servatis
838 1591 975 1676 partium
990 1590 1126 1656 motibus
1140 1589 1223 1656 inter
1237 1613 1282 1668 se,
1294 1589 1385 1656 simul
1397 1603 1497 1656 bans

200 1697 329 1773 feratur,
345 1695 499 1760 efficiunt:
520 1695 720 1761 manifestum
739 1697 899 1784 estquod,
916 1719 958 1762 ex
971 1696 1206 1762 attractionibus
1221 1697 1255 1760 in
1269 1718 1383 1782 corpus
1397 1697 1497 1762 maxi·

200 1825 298 1882 mum,
313 1802 401 1868 nulla
414 1825 541 1887 prorsus
555 1802 674 1895 orietur
690 1803 822 1872 mutatio
836 1815 939 1870 motum
954 1815 1159 1870 attractorum
1174 1804 1256 1868 inter
1270 1826 1315 1882 se,
1326 1804 1385 1868 nisi
1397 1803 1445 1868 vel
1457 1825 1498 1868 ex

198 1911 418 1978 attractionum
433 1911 685 1976 acceleratricum
699 1910 920 1996 inequalitate,
943 1909 993 1974 vel
1014 1929 1054 1974 ex
1074 1910 1275 1974 inclinatione
1288 1909 1441 1998 linearum
1456 1911 1497 1976 ad

196 2020 350 2083 invicem:
374 2018 547 2083 secundum
562 2040 639 2104 quas
653 2019 852 2084 attractiones
867 2018 958 2082 liunt.
1004 2018 1094 2084 Pone
1108 2042 1186 2108 ergo
1207 2021 1407 2086 attractiones
1430 2042 1497 2084 om·

196 2149 252 2192 nes
268 2125 498 2192 acceleratrices
513 2126 547 2190 in
561 2147 675 2211 corpus
688 2126 861 2192 maximrun
876 2149 945 2192 esse
959 2126 1041 2192 inter
1056 2150 1088 2192 se
1107 2128 1268 2214 reciproce
1290 2140 1326 2194 ut
1347 2129 1498 2215 quadrata

195 2236 434 2311 ‹Estmrtiarum3
457 2246 489 2299 et
504 2234 651 2322 augendo
666 2235 806 2320 corporis
821 2225 952 2300 maximi
965 2233 1155 2314 distantiam,
1171 2235 1273 2300 donec
1287 2249 1443 2301 rectarum
1457 2237 1497 2302 ab

195 2343 258 2408 hoc
273 2343 313 2408 ad
328 2342 449 2430 reliqua
464 2343 630 2408 ductarum
646 2342 831 2408 differentiae
841 2354 985 2427 respectu
1000 2364 1109 2408 earum
1123 2342 1329 2432 longitudinis
1352 2355 1385 2408 et
1410 2343 1497 2408 incli-

196 2450 341 2514 nationes
357 2449 397 2514 sd
412 2449 548 2514 invicem
560 2449 699 2514 minores
715 2450 787 2526 sint,
804 2471 898 2535 quam
913 2448 997 2514 datae
1011 2449 1148 2535 quaevis3
1171 2448 1415 2532 perseverabunt
1428 2471 1496 2512 nro·

195 2570 245 2623 tus
259 2559 395 2642 partium
409 2559 583 2645 systematis
598 2559 680 2624 inter
694 2581 728 2622 se
742 2557 809 2622 sine
824 2557 991 2637 erroribus,
1007 2559 1061 2644 qui
1076 2580 1141 2623 non
1156 2559 1219 2624 sint
1232 2557 1392 2644 quibusvis
1414 2557 1496 2624 datis

195 2665 340 2730 minores.
387 2665 431 2731 Et
445 2665 604 2751 quoniam,
621 2665 663 2730 ob
678 2665 825 2752 exiguam
839 2664 977 2749 partium
991 2663 1116 2730 illarum
1131 2665 1171 2729 ab
1197 2665 1331 2730 invicem
1353 2665 1497 2730 distanti·

195 2795 257 2850 am,
273 2784 409 2858 systema
423 2783 525 2838 toturn
539 2771 579 2836 ad
595 2771 725 2838 modum
740 2771 880 2856 corporis
896 2771 988 2838 unius
1002 2771 1189 2848 attrahitur3
1213 2771 1391 2836 movebitur
1411 2771 1495 2838 idem

196 2879 258 2944 haic
273 2880 457 2944 attractione
472 2879 513 2944 ad
528 2879 658 2944 modum
673 2879 814 2963 corporis
829 2879 941 2954 unius3
964 2877 1025 2944 lroc
1040 2890 1097 2956 est,
1123 2878 1162 2963 (b)
1186 2892 1295 2944 centro
1316 2901 1373 2944 suo
1393 2881 1497 2968 gravi·

198 2987 270 3050 tatis
285 2985 443 3050 describet
457 2985 541 3050 circa
563 3007 678 3069 corpus
704 2984 879 3050 maximum
904 2984 1073 3048 sectionem
1100 2985 1237 3070 aliquurn
1262 2986 1403 3050 conicum
1425 2987 1495 3071 (viz.

198 3094 236 3176 (ὓ)
261 3092 482 3177 Hyperbolam
496 3092 546 3157 vel
561 3089 745 3186 parobolam
760 3090 945 3158 attractione
966 3090 1126 3179 languidi,
1151 3091 1273 3177 ellipsin
1298 3091 1440 3176 fortiore)
1466 3107 1498 3162 et

194 3201 285 3267 radio
300 3201 340 3266 ad
354 3203 528 3266 maximum
543 3201 640 3266 ducto
655 3200 814 3266 describet
827 3223 916 3265 meas
931 3200 1125 3284 temporibus
1147 3202 1406 3286 proportionales,
1430 3205 1497 3268 sine

194 3308 268 3372 ullis
282 3307 449 3384 erroribus,
465 3308 526 3403 nisi
541 3330 619 3394 quas
633 3307 771 3392 partium
787 3306 956 3386 distantiae,
968 3307 1149 3394 perexiguae
1164 3330 1237 3374 sane
1257 3323 1300 3375 et.
1310 3330 1370 3393 pro
1396 3309 1498 3380 lubitu

194 3413 385 3494 minuendae,
402 3414 525 3483 valeant
539 3415 672 3482 efficere.
718 3414 761 3492 Q.
778 3437 807 3484 e.
822 3435 852 3479 o.
1474 3423 1481 3442 ¹

193 3585 270 3662 soluta
291 3588 330 3636 hio
350 3593 495 3662 mpuonaorr
516 3583 618 3662 marana
639 3581 824 3662 ampordooalts,
1389 3607 1421 3673 Ο
1443 3611 1471 3676 P

193 3649 310 3699 drmmutrl
320 3665 422 3711 conpone
431 3647 514 3706 mad,
526 3663 560 3696 ns
570 3658 690 3698 attractiva
703 3663 729 3696 m
742 3647 825 3698 eadem

194 3713 283 3762 ratione
294 3715 417 3762 minuitur.

226 3777 261 3841 (¹)
279 3785 291 3810 ’
310 3783 443 3840 Fingamus
450 3778 505 3840 jam
523 3793 643 3842 carpam
658 3780 782 3834 aristarum
796 3776 823 3831 P.

1213 3689 1272 3756 po

346 3843 352 3856 .
467 3844 472 3856 .
536 3845 542 3858 .
645 3843 651 3856 .
725 3842 730 3853 ,
897 3767 1017 3865 ..R
1274 3794 1395 3868 m,

192 3841 824 3974 cnzatrvncnutnuvfm
986 3839 1380 4000 ‘712³

193 3979 253 4028 tam,
268 3989 311 4022 san
329 3973 401 4020 totius
417 3972 546 4034 systmratis
562 3987 688 4022 commune
706 3973 824 4036 gravitatis
931 4002 1025 4122 f
1213 3997 1255 4118 ἃ

193 4045 300 4084 centrum
321 4037 351 4090 T.
373 4035 482 4099 pmgredi
505 4036 651 4085 unilomiter
672 4051 713 4098 per
737 4045 823 4084 rectam

195 4097 219 4146 Τ
232 4099 263 4156 R,
278 4111 300 4148 er
310 4101 397 4150 turned
408 4105 432 4150 at
442 4105 542 4162 commta
552 4103 646 4149 aurem
656 4099 722 4162 long&
732 4105 824 4152 mabri

194 4163 217 4218 S,
230 4175 249 4212 ct
261 4168 291 4212 ad
301 4183 412 4226 magnam
422 4166 556 4213 distantiam
566 4166 610 4221 titi,
622 4167 701 4226 urgeri
716 4167 747 4211 ad
762 4167 824 4214 latus

193 4225 323 4274 secundum
334 4239 407 4275 rectas
425 4229 446 4276 P
460 4229 483 4284 S,
502 4242 547 4288 ps,
568 4229 622 4286 18,
642 4227 701 4280 ¹1⁸8.
721 4237 791 4289 sarua
809 4245 824 4276 ι

194 4289 256 4337 rectit
269 4291 292 4338 '1'
305 4291 328 4338 R
337 4291 420 4339 retrahi
432 4301 456 4338 et
467 4292 491 4338 in
501 4307 597 4340 curvam
610 4291 632 4340 T
645 4291 672 4339 H
683 4291 743 4354 cogi,
756 4293 798 4339 dc.

226 4353 261 4417 (l)
279 4356 292 4384 ⁶
312 4357 412 4412 Hares.
431 4367 510 4406 centro
527 4373 569 4405 saca
586 4359 713 4418 gravitatis,
733 4353 758 4400 in
777 4369 825 4418 quo

194 4426 272 4464 totum
284 4429 385 4478 systema
394 4421 500 4482 gravium
521 4418 550 4475 P,
562 4435 584 4480 p,
598 4439 623 4477 r,
636 4420 666 4476 T,
686 4418 781 4466 unitum
796 4435 825 4468 ac

194 4492 339 4530 mnuactum
350 4482 488 4546 intelligitur
504 4484 568 4547 (71).
1295 4508 1346 4526 ν·-

225 4543 260 4609 (')
278 4550 290 4575 '
310 4548 465 4608 Hyperbolum
486 4551 522 4596 vel
540 4549 674 4609 parobolam
691 4551 825 4598 attractione
1105 4567 1109 4574 ·

193 4608 312 4670 tranasti,
321 4611 696 4676 etliprtmvelcirrulumsortiom
715 4619 825 4660 manente
1280 4645 1290 4676 ,

194 4671 257 4718 mrim
269 4672 390 4720 velocitate
401 4675 502 4734 corporis
512 4673 573 4722 ciret
587 4683 693 4722 cerinum
709 4675 795 4722 virium
807 4675 825 4724 S
1264 4653 1290 4726 δ

193 4735 296 4797 projecti,
320 4746 344 4784 ct
365 4737 482 4784 circulum
500 4739 537 4784 vel
557 4738 656 4798 ellipn‘m
675 4739 825 4786 (lambentis

193 4797 269 4846 minui
279 4801 347 4849 debet
358 4801 422 4850 illius
432 4801 462 4848 ad
473 4811 580 4850 emnam
591 4803 610 4850 S
620 4802 732 4860 mtramlo,
750 4811 778 4850 ut
793 4803 824 4850 sd

804 4885 862 4934 ΧΩ
