3580 5866
595 1136 940 1216 AUCTORIS
967 1135 1328 1217 PRAEFA'I'IO

949 1401 983 1433 Ab

755 1622 1182 1722 LECTOREM·
1202 1723 1205 1730 ,

888 1913 1052 1936 «W

332 2113 432 2212 Cura
446 2145 565 2198 veteres
580 2131 797 2197 Machanicam
820 2133 880 2217 (uti
894 2145 1005 2196 auctor
1019 2145 1068 2196 est
1084 2131 1222 2217 Pappus)
1246 2133 1280 2196 in
1299 2153 1405 2198 rerum
1428 2137 1622 2202 naturalium

328 2239 565 2327 investigatione
580 2239 708 2302 maximi
722 2238 871 2316 iecerint3
893 2239 1138 2316 etrecentiores,
1154 2238 1255 2304 missis
1276 2237 1385 2304 formis
1408 2241 1623 2308 substantiali-

328 2347 389 2411 bus
404 2360 436 2411 et
450 2347 647 2434 qualitatibus
670 2345 809 2424 occultis,
832 2345 1041 2430 phaenomena
1063 2358 1183 2411 naturae
1209 2347 1249 2410 ad
1275 2345 1359 2433 leges
1385 2349 1623 2416 mathematicas

330 2479 476 2521 revocare
491 2457 630 2544 aggressi
646 2457 726 2520 sint:
751 2457 850 2519 visum
866 2455 958 2519 estin
973 2455 1034 2518 hoc
1049 2467 1183 2519 tractatu
1193 2455 1355 2519 mathesim
1373 2458 1526 2536 excolere,
1542 2459 1625 2544 quir-

331 2575 421 2628 tenus
437 2587 474 2628 ea
495 2564 536 2629 ad
559 2563 786 2649 philosophiam
809 2575 936 2648 spectat.
957 2599 959 2605 ·
981 2561 1202 2626 Machanitam
1224 2563 1299 2627 verb
1321 2565 1478 2648 duplicem
1500 2580 1625 2634 veteres

330 2669 572 2732 constituerunt:
597 2669 790 2745 rationalem,
808 2689 879 2754 quae
893 2690 951 2750 per
965 2668 1246 2731 demonstrationes
1261 2670 1405 2732 accurate
1420 2672 1573 2754 procedit,
1590 2689 1627 2740 et

330 2779 509 2864 practicam.
555 2778 608 2842 Ad
622 2778 793 2862 practicam
807 2787 949 2860 spectant
962 2787 1045 2838 artes
1065 2797 1174 2838 omnes
1190 2776 1359 2853 manuales,
1384 2801 1403 2841 a
1425 2779 1537 2865 quibus
1560 2783 1626 2846 uti·

277 2933 279 2938 .
331 2875 392 2971 que
406 2885 587 2948 mechanica
601 2906 716 2948 nomen
731 2895 873 2946 mutuata
887 2893 943 2945 est.
989 2881 1071 2947 Cum
1087 2891 1192 2946 autern
1203 2883 1337 2948 artifices
1347 2884 1461 2970 partlm
1476 2891 1625 2956 accurate

331 2995 455 3082 operari
470 2994 597 3070 soleant,
615 2992 651 3056 iit
665 3004 700 3055 ut
719 2990 900 3055 mechanica
921 2990 1022 3054 omnis
1046 3015 1065 3054 a
1086 2991 1256 3078 geometriri
1279 2993 1323 3055 ita
1344 2993 1564 3084 distinguatur,
1588 3015 1627 3065 ut

251 3161 254 3174 λ
332 3100 480 3188 quicquid
495 3112 674 3163 accuratum
689 3101 729 3162 sit
743 3098 784 3162 ad
798 3097 1002 3186 geometriam
1017 3097 1181 3177 referatur,
1199 3098 1347 3188 quicquid
1366 3101 1471 3169 mimis
1493 3129 1626 3172 accura-

331 3223 398 3273 tum
424 3208 464 3271 ad
488 3207 711 3272 mechanicam.
757 3208 906 3272 Attamen
930 3229 1052 3270 errores
1075 3231 1141 3271 non
1167 3223 1241 3273 sunt
1265 3213 1350 3290 artis,
1378 3215 1433 3279 sed
1456 3218 1624 3286 artificum.

333 3319 399 3396 Qui
413 3317 517 3382 minias
532 3318 676 3383 accurate
691 3329 848 3402 operatur,
865 3316 1075 3402 imperfectior
1091 3330 1138 3381 est
1153 3313 1363 3399 mechanicus,
1380 3336 1412 3388 et
1433 3325 1458 3387 si
1481 3328 1550 3412 quis
1570 3351 1626 3393 ac.

331 3429 525 3494 curatissime
540 3430 663 3514 operari
677 3440 791 3514 posset,
813 3425 866 3490 hic
887 3427 968 3490 foret
989 3425 1188 3491 mechanicus
1211 3429 1352 3492 omnium
1372 3431 1624 3515 perfectissimus,

332 3535 417 3600 Nam
433 3550 465 3601 et
477 3536 631 3601 linearum
645 3547 801 3599 rectarum
816 3545 847 3597 et
861 3532 1050 3597 circulorum
1066 3533 1299 3618 descriptiones,
1320 3537 1354 3599 in
1369 3540 1481 3624 quibus
1496 3566 1626 3629 geome-

332 3645 393 3709 tria
406 3643 565 3720 fundatur,
583 3643 624 3706 ad
638 3640 852 3706 mechanicam
873 3641 1040 3725 pertinent.
1085 3641 1157 3705 Has
1178 3641 1276 3706 lineas
1297 3643 1474 3712 describere
1496 3659 1632 3738 geomed

332 3754 394 3818 tria
414 3777 478 3817 non
501 3753 601 3830 docet,
627 3751 682 3816 sed
703 3751 850 3836 postulat.
897 3750 1041 3815 Postulat
1065 3753 1149 3814 enim
1175 3766 1211 3817 ut
1235 3767 1305 3840 tyro
1329 3757 1454 3822 easdem
1480 3763 1625 3828 accurate

333 3861 509 3925 describere
522 3859 610 3945 prius
625 3858 778 3936 didicerit,
795 3879 888 3944 quam
904 3857 999 3921 limen
1014 3858 1147 3946 attingat
1156 3863 1355 3947 geometriae,
1379 3865 1452 3929 dein
1463 3871 1625 3953 quomodo

332 3991 390 4054 per
403 3969 460 4032 has
476 3967 671 4052 operationes
692 3965 887 4049 problemata
909 3965 1078 4042 solvantur,
1097 3965 1213 4043 docet3
1237 3981 1336 4034 rectas
1359 3984 1391 4035 et
1412 3974 1544 4040 circulos
1567 3977 1625 4042 de-

262 4073 271 4088 ’
332 4079 468 4143 scribere
482 4077 678 4164 problemata
688 4089 769 4152 sunt,
794 4073 849 4138 sed
863 4097 928 4138 non
942 4076 1141 4162 geometrica.
1186 4075 1238 4140 Ex
1252 4077 1433 4145 mechanica
1446 4086 1624 4167 postulatur

332 4186 447 4249 horum
461 4185 585 4262 solutio,
601 4185 634 4248 in
649 4183 820 4272 geometria
832 4181 961 4245 docetur
976 4183 1147 4246 solutorum
1160 4205 1244 4246 usus.
1275 4185 1325 4249 Ac
1333 4186 1485 4273 gloriatur
1495 4215 1622 4278 geome-

333 4296 395 4360 tria
404 4295 489 4381 quod
498 4308 561 4358 tam
573 4294 681 4378 paucis
690 4293 852 4378 principiis
862 4291 987 4356 aliunde
997 4293 1102 4377 petitis
1114 4305 1176 4356 tam
1189 4292 1288 4358 multa
1295 4310 1432 4381 praestet.
1459 4299 1623 4368 Fundetur

333 4402 430 4491 igitur
444 4401 616 4490 geometria
630 4400 664 4463 in
678 4400 770 4485 praxi
784 4399 974 4477 mechanica,
991 4411 1023 4462 et
1043 4398 1122 4462 nihil
1144 4399 1229 4464 aliud
1251 4415 1298 4465 est
1317 4426 1409 4489 quarn
1431 4408 1622 4474 mechanicae

333 4510 517 4575 universalis
531 4532 604 4595 pars
619 4507 681 4586 illa,
699 4529 769 4595 quae
785 4519 883 4570 artem
898 4505 1099 4570 mensurandi
1114 4507 1257 4571 accurate
1278 4510 1427 4594 proponit
1441 4536 1476 4576 ac
1491 4514 1622 4582 demon-

333 4633 420 4684 strat
466 4617 549 4683 Cum
563 4631 667 4682 autem
682 4629 763 4681 artes
778 4615 937 4682 manuales
952 4617 985 4678 in
1000 4617 1183 4700 corporibus
1198 4617 1359 4682 movendis
1379 4623 1537 4708 praecipue
1551 4648 1622 4690 ver·-

328 4731 453 4806 'sentur,
469 4729 507 4792 fit
521 4738 555 4791 ut
569 4727 742 4815 geometria
762 4726 803 4791 ad
826 4725 1084 4813 magnitudinem,
1111 4725 1293 4792 mechanica
1317 4728 1358 4794 ad
1382 4746 1501 4796 motum
1527 4737 1623 4826 vulgo
